2762 4998
450 161 609 217 carminum
629 161 777 218 Saliarium
797 161 940 232 reliquiae.

672 360 713 426 ΙΙ.

592 489 806 577 Fragmenta.

185 652 413 710 Axamenta:
433 651 551 710 Desunt
569 651 749 726 fragments.

184 759 335 818 Versus
355 757 488 818 lanuli:

190 857 235 925 l.
265 861 388 927 Divom
407 868 545 941 patrem
566 866 685 941 cante,
703 896 745 906 —
765 865 884 924 divom
903 866 967 924 deo
987 866 1201 940 supplicate.

191 964 221 1016 Τ
231 963 399 1019 estimem:
418 964 508 1018 Varro
523 963 557 1018 dc
572 964 590 1018 l.
605 965 623 1018 l.
640 963 692 1020 Vll
706 971 755 1018 2⁷:
774 963 888 1032 ‘canite
907 980 958 1033 pro
974 981 1027 1033 quo
1043 964 1071 1018 in
1087 963 1188 1019 Saliari
1202 981 1284 1020 versu

86 1034 251 1104 scriptum
273 1037 362 1102 cante,
381 1036 436 1090 hoo
455 1035 548 1089 versu’
570 1052 593 1089 e.
608 1053 635 1104 q.
651 1053 671 1089 s.
690 1067 721 1076 -
736 1034 859 1091 Macrob.
875 1033 927 1102 19,
945 1040 992 1089 14:
1014 1035 1130 1105 ‘(lanns)
1147 1034 1285 1108 Saliorum

13 1139 24 1185 3
85 1123 223 1174 quoque
243 1105 448 1174 antiquissimis
468 1105 638 1162 carminibus
658 1106 771 1162 deorum
792 1105 860 1160 deus
879 1105 998 1162 canitur.
1015 1150 1021 1162 .
1038 1149 1044 1162 .
1063 1107 1095 1160 In
1115 1106 1200 1162 sacris
1220 1125 1286 1176 quo·

87 1193 151 1246 que
174 1178 530 1234 invocamus....lanum
551 1177 706 1245 Geminum,
725 1177 823 1232 Ianum
837 1177 958 1246 Patrem,
974 1219 1052 1234 .....
1065 1181 1185 1248 patrem,
1204 1179 1285 1248 quasi

90 1249 233 1304 deorum
257 1249 360 1304 deum’
381 1280 416 1290 —
440 1249 519 1304 Paul.
539 1266 573 1302 ex
591 1250 663 1304 vest.
682 1267 710 1318 p.
726 1256 760 1304 36
782 1249 838 1318 (52)
861 1247 967 1318 (Ianus)
993 1249 1050 1302 ‘eui
1069 1249 1159 1320 primo
1179 1249 1286 1320 suppli-

90 1319 220 1374 cabant
239 1321 317 1376 velut
335 1321 448 1390 parenti
467 1322 496 1374 et
514 1337 532 1374 a
550 1337 605 1388 quo
625 1337 719 1374 rerum
739 1319 864 1374 omnium
878 1319 985 1374 factum
999 1321 1139 1390 putabant
1152 1320 1284 1376 initium!

195 1392 276 1446 Var.
291 1392 370 1448 lect.
400 1390 515 1463 Divom]
530 1391 627 1445 diuum
642 1393 684 1447 bn
693 1391 730 1446 F.
746 1422 779 1431 -
794 1391 916 1462 patrem]
932 1391 1027 1460 empta
1037 1391 1074 1459 F,
1092 1393 1164 1460 qood
1175 1392 1288 1448 corsae

87 1463 236 1518 ‘deorum
261 1463 431 1533 ablepmiua'
457 1464 653 1532 interpretatus
676 1467 715 1518 est
738 1462 845 1518 collatis
864 1461 947 1517 Festo
964 1481 992 1531 p.
1007 1468 1024 1516 4
1042 1467 1084 1528 (4)
1108 1469 1133 1518 et
1155 1468 1192 1517 16
1207 1468 1287 1532 (21);

87 1532 207 1588 divom
237 1537 348 1603 smpsts
373 1534 522 1601 Grotefcud
545 1539 592 1600 (=
611 1535 743 1604 impeta),
769 1533 877 1604 templa
900 1534 1153 1603 Beryt‘dioorron
1175 1535 1285 1604 templu’

88 1606 213 1660 coelum
222 1611 374 1673 essecutus,
389 1623 433 1660 em
443 1622 480 1675 pa
487 1607 580 1660 Haoet
591 1608 637 1674 (=
647 1607 772 1661 diuorum
781 1611 954 1674 compatrem
964 1607 999 1669 cf.
1010 1607 1045 1672 fr.
1053 1609 1110 1673 21),
1126 1603 1287 1678 <Diov>em

89 1680 208 1744 potem
228 1677 354 1743 lauder,
380 1676 490 1732 deivom
509 1675 648 1750 <Ian>em
668 1675 822 1750 pa<trem>
841 1677 931 1732 Linde
951 1679 996 1742 (de
1016 1678 1090 1732 Iano
1109 1693 1214 1732 summo
1232 1677 1288 1731 Ro-

88 1764 256 1802 rnanorum
273 1749 322 1802 deo
333 1765 362 1816 p.
378 1750 436 1814 30),
455 1749 600 1818 parentem
614 1748 741 1803 Bdlreas
755 1749 818 1802 oeae
832 1747 931 1802 collato
946 1748 1046 1814 Paulo,
1067 1749 1175 1817 patrem
1190 1749 1289 1818 scripsi

91 1819 179 1888 quod
207 1825 233 1874 ct
254 1820 367 1884 facilius
390 1836 424 1874 ec
448 1820 550 1874 codicia
571 1820 701 1874 memorio
724 1819 873 1874 eruendam
894 1835 948 1873 esse
966 1824 991 1872 et
1008 1819 1085 1888 sequi
1103 1837 1116 1874 c
1135 1819 1288 1884 Macrobio,

94 1892 150 1958 qui
181 1895 279 1960 aperte
301 1891 373 1946 laco
397 1891 485 1945 locam
508 1892 540 1944 iu
558 1891 651 1944 auimo
669 1891 762 1958 labet,
784 1891 916 1946 existimo.
937 1921 970 1930 -
991 1891 1161 1960 supplicate]
1182 1889 1287 1959 suppli-

94 1965 194 2016 cante
215 1960 253 2028 F,
272 1977 341 2016 corr.
363 1961 519 2027 Grotcfeud,
543 1963 664 2026 defendit
682 1962 791 2017 Jordan
809 1962 933 2032 quumvis
951 1963 1130 2028 interpretari
1149 1964 1289 2030 nequiens,

95 2032 209 2087 divom
233 2033 284 2086 deo
309 2033 436 2102 supplice
461 2031 772 2100 cantamerula,
797 2033 847 2086 sub
872 2033 924 2086 deo
948 2031 1055 2102 plicato
1073 2033 1114 2088 ool
1134 2032 1184 2087 sub
1204 2033 1285 2088 deum

98 2102 415 2172 placamentum,
434 2103 528 2157 divom
547 2104 669 2172 decus(!)
689 2103 827 2173 suplicata
848 2105 959 2158 Zaader
976 2107 1023 2170 (-
1038 2105 1086 2160 deo
1105 2104 1196 2172 dieti).

203 2200 395 2261 Comment.
429 2199 559 2260 Versum
578 2202 658 2260 huno
676 2201 707 2258 in
726 2200 813 2261 initio
832 2201 923 2277 primi
942 2201 1081 2261 carminis
1099 2192 1289 2282 (lanulorum

103 2282 244 2370 scilicet)
273 2291 367 2349 fuisse
396 2293 427 2349 et
454 2289 491 2348 ad
515 2289 623 2348 Ianum
651 2309 717 2350 esse
742 2291 931 2350 referendum
956 2310 972 2349 e
996 2289 1175 2350 testimoniis
1200 2291 1289 2349 modo

106 2379 219 2438 allatis
240 2381 366 2438 constat.
399 2379 441 2437 At
456 2379 570 2438 Zander
589 2379 646 2438 hoc
664 2379 730 2438 fieri
747 2398 835 2454 posse
854 2379 963 2438 acriter
976 2381 1082 2455 neget,
1102 2372 1209 2438 ‘dicem
1228 2372 1290 2438 deo'

16 2463 17 2467 ’
104 2471 227 2544 aetate,
242 2487 301 2544 qua
310 2469 475 2542 composita
487 2469 546 2526 sint
560 2469 692 2526 carmina
702 2467 837 2545 Saliaria,
853 2467 910 2526 dici
923 2468 1046 2543 nequire
1060 2487 1156 2545 neque
1171 2469 1290 2527 omnino

17 2611 28 2632 ,
102 2561 185 2616 tunc
205 2557 300 2616 fuisse
318 2576 420 2616 vocem
440 2550 539 2616 ‘deus'
559 2556 612 2615 sed
631 2549 741 2617 ‘divus'
761 2559 845 2616 ratus
864 2556 973 2616 collato
992 2555 1127 2616 Varrone
1147 2549 1209 2638 (ap.
1224 2556 1290 2615 Ser-

102 2647 196 2705 vium
217 2637 322 2727 (Dan.)
347 2646 384 2704 ad
403 2645 476 2705 Aen.
497 2645 558 2705 XII
573 2638 665 2727 139):
690 2640 749 2706 ‘ita
772 2647 971 2722 respondeant
996 2665 1048 2705 cur
1067 2646 1168 2706 dicant
1187 2638 1290 2718 ‘deos',

14 2741 15 2744 ’
105 2756 181 2794 cum
203 2729 282 2813 <de>
301 2735 438 2795 omnibus
460 2735 574 2810 antiqui
594 2736 723 2795 dixerint
741 2729 870 2795 ‘divos'.'
909 2754 1001 2812 quare
1020 2735 1144 2795 abiectis
1163 2736 1291 2812 reliquo-

106 2845 181 2883 rum
215 2828 372 2883 auctorum
400 2825 437 2883 de
464 2825 536 2883 Iano
565 2843 681 2884 summo
709 2825 978 2901 antiquissimoque
1006 2825 1208 2884 Romanorum
1236 2825 1290 2884 deo

109 2913 297 2974 testimoniis
316 2912 420 2974 Iovem
443 2913 556 2972 dictum
580 2932 645 2973 esse
669 2914 784 2974 statuit.
821 2913 901 2987 Quas
925 2932 1022 2990 nugas
1042 2913 1135 2990 siquis
1156 2915 1290 2990 singulas

110 3003 254 3062 refellere
268 3002 369 3078 vellet,
384 3004 448 3078 ipse
462 3021 596 3079 rugosus
612 3004 705 3062 esset!
718 3033 756 3044 -
772 3002 947 3078 Imperativi
960 3003 1088 3063 formam
1103 3003 1178 3063 elisa
1192 3003 1291 3062 media

108 3091 220 3150 littera
240 3094 337 3150 ortam
352 3085 455 3151 ‘cauto’
473 3111 569 3168 noque
583 3092 739 3170 vulgarem
760 3111 856 3169 neque
873 3092 1059 3152 dialecticam
1074 3109 1139 3152 esse
1155 3092 1291 3169 sequitur

110 3199 152 3240 ea
171 3199 187 3238 e
206 3198 246 3258 re,
266 3180 345 3256 quod
363 3199 519 3256 nusquam,
540 3181 637 3257 quoad
654 3180 722 3256 scio,
742 3182 819 3241 tales
833 3181 1004 3258 imperativi
1017 3181 1220 3258 reperiantur;
1240 3181 1290 3240 eli-

110 3289 216 3350 sorum
241 3287 395 3344 sonorum,
419 3270 473 3345 qui
496 3273 583 3330 acuto
607 3271 741 3330 accentui
765 3270 979 3347 subsecuntur,
1002 3289 1113 3347 magns
1136 3271 1168 3330 in
1187 3271 1292 3347 lingua

11 3381 12 3393 ¹
110 3358 226 3417 Latina
252 3358 347 3418 omnis
371 3359 491 3436 generis
516 3362 562 3419 est
585 3359 683 3435 copia3
707 3379 784 3435 quae
808 3378 938 3436 syncope
962 3361 1042 3435 quod
1064 3360 1095 3418 in
1113 3359 1291 3436 imperativo

112 3441 228 3506 ‘cante'
248 3448 386 3508 carminis
407 3446 531 3508 Saliaris
551 3449 696 3523 evenerit,
720 3467 843 3508 oausam
862 3467 926 3508 esse
945 3453 1018 3523 puto
1037 3449 1068 3508 in
1087 3450 1142 3508 hoc
1161 3449 1291 3508 carmine

113 3537 331 3612 quaerendem,
355 3538 384 3598 h.
404 3557 429 3596 e.
448 3539 538 3596 metri
556 3539 680 3598 accentu
696 3529 766 3598 'orta
785 3540 832 3596 est
851 3557 989 3615 syncope.
1025 3539 1065 3598 Et
1084 3539 1209 3597 eandem
1228 3539 1290 3597 fere
1373 3587 1374 3592 ,

8 3613 9 3650 ³
111 3644 181 3684 rem
200 3643 266 3685 ecoe
285 3625 430 3686 habemns
454 3627 485 3686 in
504 3629 634 3686 carmine
655 3627 760 3687 Arvali
780 3621 852 3686 ‘eins
870 3628 1020 3686 incurrere
1040 3631 1070 3685 ln
1088 3620 1218 3703 pleores'
1237 3645 1291 3702 pro

8 3733 9 3786 f
114 3707 231 3788 ‘sinas',
257 3715 349 3774 simili
367 3715 456 3776 huius
475 3735 564 3776 causa
583 3720 682 3776 ortum
696 3735 814 3793 quoqne
834 3719 881 3777 est
903 3717 977 3775 illud
997 3710 1146 3776 ‘semunes
1165 3716 1292 3776 alternei

7 3797 9 3845 l
115 3802 278 3862 advocabit
296 3799 427 3863 conctos'
443 3805 600 3865 Arvalium
618 3825 671 3880 pro
690 3799 889 3866 ‘advocabite’
896 3829 904 3883 3
918 3805 1184 3865 animadvertimus
1198 3804 1293 3881 igitur

116 3892 215 3951 tribus
236 3912 271 3952 ex
290 3893 336 3951 his
356 3896 498 3971 exemplis
522 3895 554 3953 in
572 3912 663 3954 versu
680 3893 733 3952 illo
754 3893 906 3972 Saturnio,
932 3913 990 3970 quo
1016 3894 1136 3969 quidem
1159 3894 1292 3953 carmina

7 4023 8 4027 ,
116 3983 190 4039 haec
215 3999 300 4040 saera
319 3986 462 4060 concepta
481 3987 563 4060 sunt,
588 3983 695 4045 evitari
713 3984 869 4060 rythmum
888 3983 1084 4060 dactylicum,
1108 3983 1291 4043 trochaicum

117 4072 221 4128 autem
242 4070 286 4129 ita
310 4071 401 4150 effici,
426 4076 459 4131 ut
479 4072 614 4150 syllabae
632 4072 768 4132 infirmae
787 4076 878 4150 atque
898 4065 1082 4149 ‘postsonee'
1102 4075 1242 4132 accentus
1254 4073 1292 4132 »vi

115 4159 279 4219 elidantur:
299 4160 409 4236 quippe
430 4181 465 4220 ea
479 4165 578 4221 aetate
598 4181 748 4238 syncopen
767 4161 940 4238 saepissime
958 4162 1100 4220 accidisse
1115 4162 1233 4222 scimus.
1252 4193 1288 4202 —

116 4246 256 4306 Ceterum
278 4248 376 4308 forma
402 4251 495 4310 dativi
519 4253 569 4310 deo
589 4250 750 4310 Saliarisne
775 4252 814 4310 sit
838 4269 876 4309 an
898 4249 1014 4309 novicia
1032 4250 1220 4326 Varronique
1238 4251 1291 4309 tri·

115 4337 238 4396 buenda
256 4337 405 4398 incertum
425 4341 483 4418 est3
508 4339 621 4400 scilicet
639 4341 787 4416 pleniores
805 4340 919 4400 formae
938 4339 1022 4400 velut
1041 4340 1116 4408 drot,
1139 4341 1200 4400 iam
1222 4339 1291 4399 inde
1373 4421 1374 4426 η
