2762 4998
151 15 165 42 D

126 117 192 180 338
566 115 597 170 Β.
615 112 861 170 Maurenbreoher:

128 289 260 363 brorum,
280 265 433 346 teeeeuel
451 289 548 344 temne
566 285 730 344 carminum
745 283 904 344 Saliarium
924 275 1006 366 (vide
1023 285 1059 345 fr.
1075 279 1142 366 34).
1193 282 1303 354 Quae
1325 285 1352 342 si

126 377 171 434 ita
190 375 261 434 sunt
280 391 400 449 quemne
419 376 509 432 etiam
528 374 597 433 huic
616 373 741 432 carmini
760 375 945 433 reddendum
965 375 1031 434 erit.

217 465 282 522 lam
301 463 456 542 quaeritur
475 482 623 539 quaenam
642 463 734 522 fuerit
751 463 879 522 nominis
897 463 979 524 Iovis
997 463 1115 522 Lucetii
1133 463 1266 522 forma
1290 463 1349 522 Sa·

130 553 224 613 liaris.
270 554 407 612 Leucesie
430 553 478 612 vel
497 553 630 612 Leeeete'e
652 553 703 629 qui
727 553 863 612 scribunt
887 552 956 611 falsi
975 571 1039 611 esse
1063 553 1137 611 mihi
1158 553 1351 626 videntur,

128 662 226 719 neque
241 644 319 700 enim
335 641 536 719 diphthongus
552 659 586 700 ea
600 642 672 700 ferri
686 643 788 716 potest
801 643 830 700 in
842 641 952 700 Latina
966 641 1071 718 lingua
1080 660 1190 719 neque
1204 643 1248 700 in
1261 643 1349 700 lucis

131 733 193 792 sive
208 723 325 790 ‘leucis'
341 730 444 806 stirpis
459 730 575 788 familia
590 749 633 804 ee,
647 734 679 790 at
693 731 804 808 ubique
819 749 857 790 ee
870 731 901 789 in
915 731 1116 790 monumentis
1130 731 1349 792 vetustiori·

129 822 185 878 bus
204 820 366 896 reperitur,
390 820 474 878 velut
492 820 640 887 Loecieo,
664 819 850 896 Leuceeeee,
874 821 1000 888 humere,
1022 821 1145 889 leeeom,
1167 821 1347 887 leucarid,

126 911 259 984 potencie
277 908 401 984 Latina,
425 909 561 968 Leucib'e
585 912 616 966 et
633 909 735 968 Leeee
757 902 807 986 (ex
827 900 1003 990 ‘Loucsna')
1030 909 1347 984 Praenestinorum,

129 1000 253 1058 Loeeles
263 997 483 1074 Paelignorum,
499 998 677 1065 Leuconem,
691 999 824 1066 Leecies,
838 998 948 1057 Lectis
962 999 1012 1058 vel
1022 999 1143 1058 Levitis
1154 997 1345 1058 Oscorum

129 1086 173 1146 Ac
196 1087 273 1146 falso
293 1085 417 1164 dixeris,
441 1103 476 1145 ce
495 1087 716 1164 diphthongum
733 1087 765 1145 in
784 1105 821 1146 ee
839 1090 990 1146 mutatum
1009 1087 1129 1153 demum
1150 1106 1237 1147 esse
1262 1093 1344 1164 post

130 1175 263 1235 carmina
278 1175 405 1234 Saliaria
423 1175 642 1252 vetustissima3
660 1195 790 1254 namque
809 1177 882 1236 satis
899 1195 1045 1254 superque
1060 1179 1185 1236 constat
1204 1193 1256 1236 eu
1273 1177 1340 1234 ianr

130 1264 255 1342 periisse
269 1265 306 1322 iis
317 1264 512 1342 temporibus,
527 1285 593 1324 cum
608 1265 698 1323 etiam
709 1266 884 1325 coniunctae
894 1266 1017 1324 fuerunt
1025 1266 1174 1325 Italorum
1188 1267 1344 1344 linguae

131 1357 303 1430 gentesque.
332 1354 413 1430 Ergo
428 1355 594 1414 mutatione
609 1373 678 1413 sane
688 1355 831 1414 facillima
841 1357 916 1414 loeo·
928 1355 1053 1414 carmini
1066 1355 1137 1413 huic
1147 1355 1343 1414 restituen-

131 1445 203 1502 dum
226 1445 280 1503 est.
316 1442 432 1502 Deinde
456 1461 561 1502 sonum
583 1462 596 1501 s
616 1444 648 1503 in
661 1444 789 1506 nominis
808 1444 914 1503 suffixo
933 1444 1027 1502 refert
1046 1442 1194 1522 Scaurus,
1228 1445 1339 1502 -etius

130 1531 221 1590 habet
240 1531 425 1608 Macrobius,
445 1531 530 1591 cuius
548 1533 754 1591 testimonium
772 1534 869 1592 minus
889 1552 983 1610 grave
999 1533 1085 1592 nobis
1100 1533 1290 1606 videbitur,
1313 1532 1340 1590 si

130 1621 352 1680 meminerimus
372 1619 527 1680 Gallorum
545 1621 651 1680 Martis
670 1621 786 1680 Lucetii
813 1623 862 1681 vel
881 1622 1029 1698 Loucetii,
1052 1641 1183 1698 quocum
1215 1601 1380 1681 hercle
1379 1686 1380 1689 Ἴ

131 1709 300 1770 Macrobius
315 1710 492 1768 Leucesium
508 1709 653 1769 Saliarem
668 1711 915 1771 confunderet
862 1715 915 1787 pet
916 1712 968 1770 uit.
948 1711 1086 1770 tIllam
1100 1713 1247 1770 neminis
1267 1713 1335 1770 for-

130 1818 210 1857 mam
228 1802 381 1857 testantur
398 1802 555 1875 praeterea
570 1799 655 1859 Paul.
670 1799 752 1859 Diae.
768 1819 803 1859 ex
818 1801 896 1858 Fest.
912 1820 939 1876 p.
953 1802 993 1859 83
1006 1792 1114 1882 (114):
1134 1794 1332 1860 ‘Lucetium

131 1888 234 1948 Iovem
254 1889 459 1964 appellabant,
481 1889 559 1964 quod
579 1908 646 1947 eum
665 1891 740 1948 lucis
761 1908 825 1949 esse
844 1907 964 1956 eausam
984 1882 1166 1965 credebant',
1191 1889 1332 1949 Gellius

132 1977 159 2032 V
179 1979 229 2055 12,
247 1980 280 2037 6:
301 1971 426 2036 ‘Idcirco
446 1977 537 2036 simili
555 1979 674 2037 nomine
692 1979 772 2038 Ievis
791 1979 895 2038 Diovis
919 1979 1016 2036 dictus
1035 1981 1082 2036 est
1105 1981 1135 2036 et
1153 1977 1329 2053 Lucretius,

132 2067 211 2142 quod
234 2085 289 2125 nos
312 2067 359 2124 die
378 2071 409 2125 et
428 2067 495 2125 luce
514 2069 599 2144 quasi
617 2068 681 2127 vita
699 2068 765 2143 ipsa
783 2067 917 2126 afficeret
936 2068 967 2126 et
984 2066 1110 2126 iuvaret.
1147 2066 1329 2128 Lucetium

132 2158 233 2214 autem
257 2155 359 2216 lovem
384 2154 436 2214 Cn.
455 2155 588 2216 Naevius
612 2157 642 2214 in
666 2156 752 2215 libris
776 2157 848 2215 belli
871 2156 991 2215 Poenici
1013 2149 1168 2231 appellat',
1193 2157 1327 2216 Marius

132 2245 305 2304 Victorinus
325 2236 384 2327 (VI
403 2265 432 2320 p.
448 2236 517 2324 12):
542 2237 663 2303 ‘Nostri
687 2246 790 2321 etiam,
816 2245 953 2322 quotiens
981 2245 1114 2304 eiusdem
1133 2246 1198 2304 soni
1220 2247 1326 2322 longa

133 2334 253 2410 syllaba
276 2324 309 2415 (i.
329 2353 352 2394 e.
376 2329 411 2413 u)
436 2333 591 2392 scribenda
618 2335 698 2392 esset
724 2335 836 2409 stipsi
859 2355 878 2392 u
902 2334 1106 2410 adiungebant
1129 2353 1146 2392 e
1169 2335 1324 2409 litteram·

132 2424 201 2482 inde
221 2424 364 2499 seriptum
383 2422 484 2501 legitis
503 2423 663 2482 Loucetius
684 2425 834 2497 neuntius,
853 2423 972 2482 loumen
993 2427 1023 2482 et
1041 2417 1164 2501 cetera',
1183 2422 1322 2485 Servius

133 2513 171 2570 ad
181 2511 254 2572 Aen.
265 2513 308 2571 IX
320 2514 397 2572 567:
418 2506 513 2570 ‘Sane
528 2512 633 2588 lingua
643 2511 719 2572 Osca
729 2512 870 2572 Lucetius
887 2514 934 2572 est
946 2511 1083 2588 Iuppiter
1097 2512 1194 2572 dictus
1208 2532 1231 2572 a
1247 2513 1322 2570 luce

133 2621 223 2678 quam
242 2605 396 2676 praestare
415 2600 584 2660 hominibus
605 2601 723 2661 dicitur.
755 2603 824 2678 Ipse
839 2604 884 2660 est
898 2605 1001 2660 nestra
1014 2601 1118 2676 lingua
1132 2592 1319 2678 Diespiter.’

222 2690 370 2750 Discimus
385 2690 480 2766 igitur
494 2691 664 2750 Laebactium
679 2687 786 2750 Oscam
802 2689 896 2750 fuisse
917 2689 1045 2750 nominis
1059 2689 1196 2768 formam,
1216 2709 1319 2768 quam

134 2779 254 2856 quidem
275 2780 353 2856 quod
373 2779 504 2838 Naevius
524 2779 678 2840 mutuavit
696 2799 782 2839 neme
802 2781 938 2858 miratur,
958 2777 1053 2838 Salios
1073 2798 1144 2839 vere
1164 2781 1202 2838 ab
1223 2779 1315 2840 Oscis

134 2887 241 2928 nomen
261 2867 409 2943 accepisse
429 2887 482 2943 per
501 2887 533 2927 ee
550 2869 671 2929 minime
686 2869 767 2928 credi
780 2872 889 2946 potest.
916 2827 1037 2944 A’rque·
1030 2887 1089 2926 iam
1104 2869 1190 2927 adest
1204 2870 1317 2945 glossa

134 2935 234 3037 (Cerp.
251 2959 523 3032 elesaIIp.124,
542 2949 598 3038 34)
614 2951 895 3034 ‘Lucerius,Zedc',
915 2977 973 3058 qua
988 2957 1116 3016 efficitur
1129 2957 1314 3018 Leucesium

135 3047 260 3106 Saliaris
279 3047 418 3106 carminis
437 3049 519 3106 recte
538 3047 650 3106 dietum
671 3047 833 3124 Scaurique
852 3047 1024 3106 memoriam
1041 3047 1219 3105 servandam
1233 3064 1314 3106 esse.

134 3138 174 3194 Et
201 3137 399 3212 compositum
425 3135 545 3213 quidem
568 3155 675 3196 nomen
698 3140 744 3196 est
762 3136 818 3212 ita,
848 3140 882 3195 ut
906 3137 1031 3196 Tedusia
1059 3135 1173 3196 vasculi
1197 3135 1311 3210 Dueni,

139 3225 281 3294 Valesius,
300 3225 456 3286 Numisiae
474 3225 592 3302 aliaque
611 3227 707 3301 plura.

224 3314 306 3385 Quae
326 3315 525 3374 subsecuntur
543 3317 636 3375 verba
654 3309 742 3389 ‘pree
760 3317 806 3375 ted
824 3307 972 3374 tremeeti'
992 3315 1209 3374 remotissimae
1229 3313 1309 3373 anti-

135 3404 260 3482 quitatis
280 3404 409 3480 speciem
429 3404 502 3463 adeo
519 3404 709 3464 exhibent-
723 3407 844 3480 excepta
858 3403 1078 3480 praepositione
1094 3397 1198 3480 ‘prae'‚
1217 3422 1308 3480 quam

134 3493 325 3571 grammatici
337 3511 464 3554 novasse
478 3493 619 3553 videntur
634 3525 671 3534 —
684 3497 718 3553 ut
727 3493 855 3553 Iordane
870 3495 919 3554 vel
933 3493 1132 3569 suspicionem
1145 3493 1308 3566 moverint;

135 3602 169 3643 ac
188 3582 348 3642 Iordanum
371 3583 464 3642 fuisse
488 3583 540 3658 qui
563 3587 759 3660 sequerentur
783 3601 854 3643 sane
877 3583 995 3642 mireris
1018 3583 1084 3642 iure
1108 3583 1240 3658 satisque
1262 3599 1306 3638 re-

135 3672 265 3731 futatum
288 3690 366 3730 nunc
390 3691 408 3730 a
431 3672 576 3748 Zander03
604 3673 731 3732 formam
754 3675 867 3732 rectam
887 3690 951 3733 esse
974 3674 1066 3747 atque
1090 3672 1217 3730 existere
1235 3669 1306 3728 elim

135 3761 270 3836 potuisse
283 3780 371 3820 nemo
386 3760 445 3820 erit
459 3761 510 3836 qui
525 3764 616 3838 neget
630 3761 740 3821 collata
755 3760 936 3822 Graecorum
951 3759 1153 3836 Oscorumque
1168 3759 1305 3834 coniuga-

136 3851 230 3926 tione,
254 3850 285 3908 in
304 3849 470 3908 Saliaribus
491 3850 671 3908 carminibus
690 3852 801 3911 lectam
820 3870 886 3911 esse
906 3851 963 3909 duo
982 3850 1171 3926 grammatici
1195 3851 1302 3906 testau-

135 3942 199 4015 tur3
223 3958 298 4014 quos
321 3940 441 4015 quidem
460 3940 538 4014 quod
557 3940 671 3998 Jordan
694 3960 753 4000 non
778 3941 1102 4016 duplicempraestare
1126 3937 1302 4010 memoriam,

136 4028 190 4086 sed
209 4028 292 4087 Festi
310 4028 469 4102 lectionem
490 4047 505 4086 e
525 4026 630 4086 Scauri
653 4029 804 4088 codicibus
830 4033 927 4089 ortam
951 4047 1016 4087 esse
1035 4028 1188 4087 contendit
1206 4043 1302 4084 meree

137 4117 275 4192 argutiae
298 4135 452 4192 vanaeque
482 4120 559 4176 sunt.
598 4117 657 4176 Sed
680 4118 799 4177 etiamsi
823 4123 984 4194 utrumque
1012 4116 1241 4196 grammaticum
1266 4114 1300 4172 ad

136 4225 229 4264 unum
253 4206 333 4266 Aelii
358 4206 481 4266 Stilonis
512 4209 756 4266 commentarium
784 4207 881 4266 redire
904 4211 1027 4283 putares
1052 4239 1095 4249 -
1118 4205 1198 4282 quod
1220 4221 1300 4264 nemo

137 4314 279 4372 umquam
304 4295 401 4354 adhuc
424 4295 628 4356 demonstrare
653 4301 776 4356 conatus
796 4285 842 4356 est
861 4328 913 4375 -,
932 4316 991 4373 qua
1015 4301 1198 4358 commotum
1217 4311 1301 4354 cansa
