2762 4998
395 155 554 209 carminum
574 153 722 210 Saliarium
742 153 885 238 reliquiae.
1031 123 1036 133 Ι
1159 153 1223 217 347

16 361 17 364 =
51 327 97 383 der
122 325 175 383 lat.
198 323 266 398 Spr.
289 325 313 382 I
332 325 373 383 ed.
396 326 468 399 2p.
489 324 563 392 528,
592 342 659 382 cum
682 324 718 382 de
742 341 800 383 uno
823 324 934 400 populo
958 323 1090 383 Romano
1113 323 1225 399 plurali

16 417 17 420 ’
52 432 177 472 numero
201 413 260 472 dici
282 432 342 472 non
360 416 475 490 posset3
498 413 666 472 adsentitur
690 413 805 472 Zander
828 413 969 514 additque
992 413 1109 471 omnino
1133 413 1224 471 talem

16 541 17 548 ι
53 502 275 561 nominativum
292 503 440 578 pluralem
459 522 517 562 ιιοιι
538 502 598 560 θιιιι
588 502 684 580 rtisse3
707 503 759 579 qui
776 506 878 561 tamen
897 502 943 561 vir
961 501 1134 578 genetivum
1157 521 1226 560 eum

16 646 17 664 p
52 610 113 649 csse
128 595 241 650 natura
255 591 344 650 metri
363 591 460 650 vetari
447 593 604 693 putate
589 592 698 651 etenim
718 590 815 668 qualis
831 594 876 650 est
890 591 1032 649 metricus
1046 592 1089 649 ita
1103 609 1225 650 versum

52 680 168 740 scandit
188 663 499 756 pildmnddpopldt'
518 699 614 758 neque
631 681 750 739 dubitat
704 683 881 740 tt·temere
896 679 985 738 Saliis
1006 680 1117 739 formas
1131 679 1225 739 vindi-

52 789 125 844 care,
146 789 224 847 quas
242 789 280 828 ne
298 768 413 828 Ennius
432 769 552 844 quidem
567 769 736 846 alienigena
755 759 853 851 (ouius
869 771 916 828 est
935 769 1025 828 terrdi
1042 770 1111 842 fmip
1114 760 1225 850 iscrdt),

15 891 16 938 p
54 815 213 936 oomlnisit,
232 858 334 934 itaquo
353 877 407 933 pro
426 857 527 918 dativo
546 859 639 918 verba
657 858 757 918 habet.
784 858 825 917 At
812 861 909 917 tesso
928 859 1000 916 haec
1019 858 1111 916 verba
1130 859 1224 916 nomi-

15 951 16 994 ἒ
52 947 154 1007 nativo
174 947 287 1023 plurali
309 947 410 1023 posita
428 947 501 1006 satis
522 965 669 1024 superque
689 947 803 1006 ellesti
825 947 925 1008 vorbis
945 947 1093 1022 sequitur,
1119 946 1225 1005 exiisse

15 1099 16 1110 2
54 1036 121 1094 olim
141 1037 293 1114 pluralem
311 1037 342 1094 in
361 1039 401 1096 -οι
419 1037 523 1094 notum
543 1038 591 1095 est
609 1027 659 1118 (cf.
675 1035 756 1096 Stclz
770 1037 838 1096 Lat.
854 1034 987 1095 Gramm.
1006 1037 1046 1094 ed.
1060 1039 1082 1096 2
1095 1027 1223 1116 12334).

54 1126 178 1184 Praeter
202 1127 280 1184 hanc
302 1125 429 1186 formam
451 1157 489 1166 -
511 1126 674 1186 secundum
695 1126 923 1201 Brugmannum
943 1143 978 1183 ox
1003 1124 1142 1202 analogia
1160 1143 1226 1200 pro-

54 1215 210 1273 nominum
230 1214 385 1274 oriundam
408 1246 445 1256 -
467 1215 592 1274 alteram
612 1215 747 1274 extitisse
766 1245 808 1256 -
826 1215 888 1274 sive
906 1214 1055 1290 pluralem
1075 1214 1137 1273 sive
1156 1213 1226 1271 dua-

56 1305 111 1362 lem
133 1305 287 1380 appellare
306 1304 401 1363 mavis
424 1335 462 1345 -
486 1304 518 1362 ιιι
537 1307 576 1364 -ει
594 1307 760 1380 exeuntem,
780 1304 858 1363 unde
876 1305 981 1378 postea
1006 1308 1035 1360 -c
1052 1305 1153 1362 ortum
1172 1305 1226 1379 est,

15 1394 18 1462 ῗ
56 1393 194 1470 sequitur
213 1393 390 1467 eplor'rume
412 1393 443 1450 in
463 1391 608 1470 Scipionis
629 1393 726 1469 elogio
745 1394 793 1453 vel
816 1395 889 1452 socie
911 1392 942 1450 in
965 1410 1034 1451 aare
1059 1391 1227 1464 Fucinensi,

15 1479 17 1556 j
56 1483 104 1540 sed
127 1482 245 1541 usitata
267 1477 321 1540 illa
343 1482 455 1541 recenti
474 1485 575 1542 aetate
597 1483 693 1542 forma
711 1483 743 1540 in
767 1485 792 1542 ·i
814 1482 951 1540 desinens
974 1479 1094 1538 nonnisi
1112 1500 1149 1540 ex
1175 1480 1227 1538 illo

15 1565 16 1612 ἓ
57 1575 95 1630 -οι
119 1574 190 1630 orta
213 1589 278 1630 esse
301 1573 408 1646 potest.
436 1603 474 1612 —
495 1571 600 1649 Neque
619 1591 689 1631 vero
709 1574 756 1630 est
777 1571 880 1630 curin
902 1588 1025 1630 numero
1044 1569 1156 1646 plurali
1173 1589 1227 1645 pro

15 1693 16 1696 =
57 1679 112 1718 nna
142 1663 235 1736 gente
258 1660 394 1718 Romana
416 1660 515 1736 posito
539 1661 735 1719 offendamur:
759 1660 870 1720 etenim
894 1659 919 1718 si
943 1657 1227 1720 consideraverimus

15 1741 16 1773 ³
57 1749 133 1808 vocis
164 1742 321 1823 ‘populas'
354 1749 499 1826 originem
508 1740 533 1831 ¹)
565 1751 775 1824 notionemque
807 1749 878 1808 olim
909 1748 1004 1807 fuisse
1036 1766 1102 1806 earn
1136 1767 1226 1825 quam
1261 1740 1262 1744 ’

57 1837 191 1912 πλῆθος,
215 1838 316 1913 plebes
340 1839 477 1914 haberet,
500 1839 518 1896 i.
539 1857 563 1898 e.
589 1834 620 1898 oi
639 1834 769 1916 πολλοὶ,
793 1837 899 1897 deinde
918 1838 943 1896 si
966 1837 1178 1920 contulerimus
1197 1836 1228 1894 in

59 1927 188 1986 carmine
215 1945 269 1986 suo
294 1928 419 1986 Arvales
444 1920 584 2000 ‘pleuros’
609 1922 664 2007 (=
684 1919 866 2009 complures)
895 1926 1017 1999 dixisse,
1044 1944 1112 1984 cum
1139 1925 1228 1984 unius

16 2035 17 2039 ¹
58 2015 153 2091 gentis
187 2017 338 2074 Romanae
371 2015 522 2075 notionem
555 2017 586 2074 in
610 2017 708 2077 animo
740 2017 898 2092 haberent,
932 2034 1002 2075 sane
1034 2015 1227 2075 concedemus

15 2184 16 2192 ἵ
60 2105 258 2164 etiamSalios
277 2099 409 2179 ‘poploi’
438 2097 502 2186 (ιθ.
517 2097 695 2187 multitudo)
715 2109 859 2183 cantasse
878 2103 1063 2164 intellexisse
1080 2105 1227 2164 Romano-

60 2214 122 2251 rum
146 2195 292 2296 populum
315 2213 352 2253 ex
375 2195 421 2254 his
445 2195 549 2254 multis
572 2195 776 2270 compositum
816 2152 941 2263 Qdare'
933 2215 964 2252 ιιι
986 2193 1174 2268 vulgarit
1129 2191 1183 2253 ιιι
1175 2192 1229 2252 ni-

60 2286 134 2356 t,ate
155 2284 187 2342 in
206 2303 267 2360 qua
286 2277 417 2357 populi'
436 2287 583 2359 usurpant
585 2305 620 2342 ur
639 2285 722 2344 velut
741 2283 875 2344 homines
897 2275 1074 2364 (nostrum,
1075 2274 1228 2362 QLmtcfl)

61 2391 116 2430 non
135 2374 331 2447 depravatam
355 2391 422 2432 esse
440 2373 501 2431 vim
519 2373 666 2433 vocisve]
688 2373 827 2437 Africana
844 2371 996 2431 latinitate
1015 2364 1198 2447 corruptam
1195 2365 1230 2450 ),

62 2461 109 2519 sed
124 2465 160 2520 ut
175 2461 294 2536 saepius
302 2461 483 2520 .tfactum
437 2466 483 2520 est
501 2461 701 2537 antiquiorem
720 2480 807 2520 usum
823 2481 886 2520 esse
901 2463 1109 2520 conservatum
1122 2460 1230 2520 iudico.

149 2549 207 2609 Sed
229 2551 302 2608 hacc
320 2549 497 2611 nominativi
515 2551 641 2626 pluralis
659 2551 757 2620 forma
771 2568 950 2627 quamquam
969 2552 1146 2627 pervetusta
1164 2567 1229 2609 esse

13 2717 14 2720 Ἴ
62 2639 190 2718 videtur,
218 2643 320 2698 tamen
347 2639 436 2698 huius
465 2639 584 2715 quidem
616 2640 777 2717 fragmenti
810 2642 939 2700 aetatem
972 2657 1031 2699 non
1063 2657 1158 2715 usque
1191 2639 1229 2697 ad

13 2721 14 2764 ι
63 2727 174 2786 Numae
198 2728 357 2787 Romulive
376 2731 505 2787 aetatem
530 2730 668 2788 recedere
688 2749 724 2789 ex
742 2729 887 2789 adiectivo
910 2731 1055 2803 pilumnot
1081 2727 1231 2804 sequitur3

13 2819 14 2888 j
63 2817 186 2890 pilumni
215 2816 355 2875 dicuntur
378 2817 515 2894 Romani,
539 2819 609 2894 quia
631 2818 702 2894 pilis
726 2819 834 2877 armati
858 2821 940 2894 sunt,
964 2818 1026 2892 pila
1054 2819 1154 2876 autem
1181 2817 1230 2877 vel

63 2905 180 2983 Polybii
198 2906 384 2981 temporibus
399 2906 515 2966 nonnisi
532 2908 644 2967 hastati
662 2907 871 2984 principesque
885 2907 1032 2985 ferebant,
1051 2925 1117 2965 cum
1132 2905 1230 2964 triarii

13 3003 14 3024 ¹
64 2995 217 3054 etiamtum
241 2995 337 3053 hastis
356 2995 466 3053 armati
485 2999 652 3070 essentet
639 2995 835 3055 tverisimile
860 2998 907 3055 est
926 2994 1046 3054 Camilli
1069 2995 1132 3054 fera
1155 2997 1230 3054 tem-

12 3061 14 3138 ι
63 3085 181 3156 poribus
205 3083 267 3159 pila
286 3085 324 3143 ab
343 3083 479 3144 Etruscis
499 3088 552 3144 aut
576 3085 679 3164 Sampi
681 3085 761 3145 tibus
784 3087 923 3144 mutuata
941 3103 1019 3144 esse:
1045 3085 1147 3160 itaque
1169 3103 1230 3142 non

12 3199 14 3256 p
64 3173 104 3231 ult
92 3177 140 3231 tra
168 3176 309 3249 quartum
337 3191 362 3232 a
393 3171 461 3232 Chr
490 3175 642 3233 saeculum
669 3176 724 3234 hoc
751 3175 954 3251 fragmentum
988 3174 1132 3249 scriptum
1164 3190 1230 3232 esse

12 3285 14 3332 ι
63 3262 178 3320 videtur
205 3281 300 3337 noque
329 3265 449 3320 servata
472 3265 500 3321 oi
523 3263 727 3340 diphthongus
755 3264 824 3322 huia
853 3263 979 3322 sentent
973 3281 1018 3321 iae
1045 3261 1230 3338 contradicit

12 3343 14 3464 q
64 3351 169 3427 quippe
188 3370 277 3428 quam
297 3351 486 3410 exhibeatet
456 3351 546 3410 ctiam
566 3352 664 3411 Dueni
681 3353 835 3413 vasculum
861 3351 1017 3414 saeculia
1036 3372 1065 3411 u.
1084 3370 1106 3411 c
1127 3308 1230 3427 quarti

12 3469 14 3480 ι
63 3438 143 3499 initio
161 3439 272 3498 fictum.

147 3529 191 3586 Do
210 3548 243 3586 re
262 3528 300 3586 ad
324 3547 413 3606 quam
439 3530 641 3604 fragmentum
665 3511 814 3590 referatur
842 3529 917 3588 nihil
940 3528 1091 3588 affirmare
1124 3529 1230 3604 ausim,

64 3615 197 3694 iustoque
221 3617 363 3676 audacius
382 3617 498 3677 Zander
521 3619 553 3677 in
571 3619 680 3678 Martio
700 3619 828 3679 carmine
847 3620 947 3695 aliquo
970 3619 1044 3678 haec
1067 3619 1147 3678 lecta
1165 3637 1231 3678 esse

12 3723 14 3776 ι
65 3706 217 3766 coniecisse
231 3705 306 3764 mihi
319 3706 450 3782 videtur;
473 3705 546 3766 Salii
561 3711 662 3767 autem
676 3709 783 3768 ancilia
797 3709 972 3784 gladiosque
986 3707 1156 3786 gestabant,
1170 3727 1229 3768 non

12 3799 13 3804 ’
65 3793 121 3866 pila
142 3787 239 3871 neque
262 3795 378 3871 hastas,
402 3796 439 3853 ad
458 3795 513 3855 hos
535 3796 630 3872 igitur
648 3798 741 3857 verba
764 3816 823 3856 non
841 3799 990 3874 spectant,
1014 3796 1140 3856 Romani
1158 3815 1229 3858 vero

65 3881 92 3938 in
109 3885 213 3962 quovis
233 3885 363 3944 carmine
382 3885 529 3960 appellari
546 3889 718 3962 potuerunt.

148 4001 225 4070 20³⁸.
262 4007 424 4068 Asanam.

149 4106 347 4161 Testimon:
367 4107 455 4162 Varro
475 4107 509 4162 ds
523 4106 591 4178 ling.
602 4109 652 4166 lat.
663 4107 715 4163 Vll
725 4115 759 4164 26
774 4110 819 4179 [cf.
831 4109 918 4180 fr.4]:
938 4109 1074 4176 ‘asenam
1092 4110 1226 4164 arenam)

149 4269 175 4336 1)
194 4263 233 4320 cf.
254 4266 357 4320 Archiv
375 4268 397 4334 f.
417 4268 463 4322 lat.
482 4268 628 4339 Leaeitopr.
647 4267 734 4322 VIII
753 4271 853 4337 (1892)
869 4286 899 4339 p.
913 4271 978 4324 292.

147 4340 174 4408 2)
192 4338 253 4392 Hoc
270 4337 361 4393 voluit
380 4338 446 4394 Sittl
468 4339 581 4394 ‘Lotale
602 4340 751 4396 Veraotied.
771 4342 797 4396 d.
816 4341 863 4394 lut.
882 4340 959 4410 Spa'
976 4357 1006 4408 p.
1022 4344 1086 4396 103.
