2762 4998
412 159 570 214 Carminum
591 157 740 215 Saliarium
761 161 904 229 reliquiae.
1180 165 1245 229 343

38 327 126 402 apud
151 348 244 405 quos
259 327 419 388 Menzanae
438 329 503 388 Iovi
523 329 638 389 dicatus
658 329 741 390 vivos
760 331 904 390 conicitur
917 333 948 390 in
963 332 1073 412 ignem,
1093 337 1123 394 et
1137 335 1244 412 Rhodi,

39 418 94 494 qui
121 418 306 496 quotannis
326 418 487 495 quadrigas
508 417 570 478 Soli
588 422 777 479 consecratas
795 421 826 479 in
845 439 928 480 mare
946 421 1073 499 iaciunt,
1097 424 1176 500 quod
1195 425 1243 484 hic

39 507 97 565 tali
128 508 296 567 curriculo
320 507 417 566 fertur
436 507 617 568 circumvehi
635 502 799 568 mundum.'
836 507 939 570 Addas
959 510 1051 569 etiam
1070 511 1244 589 Germanos,
1327 509 1333 520 ’

38 595 94 672 qui
106 596 290 657 Wuodano
306 597 360 656 deo
381 615 471 672 equos
485 597 696 657 immolabant:
709 597 906 673 intelligimus
921 599 1015 676 igitur
1027 601 1107 675 apud
1116 603 1245 678 populos

37 685 329 762 indegermanicos
349 685 404 744 deo
424 686 495 745 solis
514 687 625 746 caelive
644 687 815 746 immolatos
835 705 899 746 esse
920 706 1020 764 equos.
1052 688 1117 748 Iam
1135 710 1245 767 equum

36 774 68 832 in
79 774 242 834 carmine
253 775 354 852 aliquo
365 773 475 835 Saliari
489 775 714 835 commemorari
729 795 796 835 cum
809 775 960 837 videamus
976 777 1244 840 ei'reminiscamur

37 865 129 922 diem
157 867 221 925 19.
237 862 376 924 Octobris
394 864 506 923 festum
525 863 673 924 Saliorum
692 865 785 926 fuisse
804 865 989 926 armilustrio
1008 867 1144 928 faciendo
1154 861 1187 950 ¹),
1206 869 1242 928 de

36 953 96 1012 hoc
133 953 199 1013 die
227 954 343 1030 hocque
371 954 440 1029 equi
463 951 602 1014 Octobris
628 953 772 1014 sacrificio
798 956 902 1014 nostro
926 956 990 1014 loco
1014 955 1073 1015 dici
1097 957 1243 1018 existimo.

36 1043 80 1101 Et
109 1043 236 1102 album
260 1062 369 1119 equum
394 1043 507 1118 optime
526 1042 564 1102 ad
584 1043 672 1103 deum
693 1044 763 1104 solis
782 1044 932 1102 lucentem
950 1043 1090 1104 idoneum
1109 1065 1174 1106 esse
1193 1067 1244 1123 ap·

36 1135 148 1206 paret.
207 1133 318 1192 Potitus
345 1134 446 1192 autem
475 1125 565 1214 vox²)
590 1151 659 1192 eum
680 1133 741 1192 iam
766 1132 882 1209 pridem
905 1133 1045 1209 periisset
1078 1137 1109 1194 et
1136 1155 1244 1212 equum

38 1221 127 1280 albis
160 1221 358 1299 anilibusque
381 1221 507 1296 pedibus
530 1221 702 1297 praeditum
726 1223 806 1296 apud
825 1221 920 1281 Salios
941 1223 1152 1302 significasset,
1176 1245 1245 1284 mox

1 1351 2 1356 η
37 1311 245 1384 posterioris
264 1310 331 1369 aevi
350 1309 493 1386 homines,
511 1311 596 1369 velut
609 1310 719 1370 Isidori
733 1311 810 1384 fons,
829 1330 947 1370 omnem
961 1330 1070 1388 equum
1089 1315 1141 1390 qui
1159 1315 1244 1373 albos

40 1399 148 1473 pedes
176 1399 306 1459 baberet
323 1399 449 1475 petilum
469 1397 617 1458 dixerunt.

145 1542 326 1601 Carmina
344 1541 381 1600 in
400 1539 595 1601 Saturnum
614 1561 652 1601 ac
672 1541 811 1601 Oerum:

150 1657 217 1728 ll.
247 1666 325 1726 Feat.
345 1687 374 1741 p.
389 1667 453 1726 476
475 1657 582 1748 (325):
608 1657 792 1747 ε(81111110.
808 1656 829 1746 .)
855 1667 906 1742 qui
930 1669 1003 1726 deus
1026 1668 1057 1726 in
1082 1667 1246 1728 Saliaribus

41 1755 273 1814 Saeturnus
292 1747 483 1814 nominatur?

149 1853 234 1909 Var.
254 1853 346 1910 lect:
373 1852 526 1908 Saeturnus
546 1823 579 1907 eoi
598 1855 678 1908 titulo
696 1853 817 1908 restituit
835 1852 955 1921 Rilscbl,
981 1854 1115 1908 Saturnus
1135 1853 1173 1922 F,
1196 1855 1245 1909 Sa·
1364 1871 1366 1880 ’

45 1926 188 1978 teumus
207 1941 269 1978 cam
289 1925 381 1980 Paulo
399 1925 526 1980 Diacoao
548 1923 575 1979 0.
593 1925 623 1979 0.
638 1924 752 1991 11111111,
771 1925 871 1993 Hcoet,
890 1925 1126 1994 remearem.

152 2023 352 2083 Comment.
384 2023 524 2082 Formam
539 2013 725 2082 ‘Saeturnus'
739 2024 865 2081 tuentur
884 2023 915 2080 et
929 2022 1036 2081 titulus
1052 2023 1167 2082 vasculi
1181 2023 1245 2082 OIL

43 2112 145 2172 148:
178 2105 335 2170 ε8111111111
357 2104 506 2186 pocolom’
532 2114 563 2170 et
585 2129 639 2171 vas
661 2111 771 2186 Dueni,
794 2112 826 2169 in
849 2131 907 2186 quo
931 2111 1001 2170 Ione
1023 2117 1070 2171 sat
1093 2104 1173 2192 (lovi
1193 2112 1245 2170 Sa-

46 2192 184 2284 turnio)
209 2201 363 2275 seriptum,
387 2218 405 2258 a
428 2219 498 2260 vero
518 2220 552 2259 ex
572 2219 588 2259 e
607 2203 773 2259 correctum
792 2203 845 2258 est.
884 2199 929 2258 De
949 2201 1063 2277 origine
1083 2191 1244 2280 nominis³)

48 2290 139 2348 nihil
161 2291 224 2349 iam
244 2289 318 2348 mihi
337 2291 473 2348 constare
491 2289 624 2362 videtur,
649 2288 812 2348 Saturnum
832 2307 848 2347 e
866 2291 987 2348 vetusto
1008 2289 1155 2349 Saeturno
1174 2289 1246 2350 oriri

49 2381 204 2452 potuisse
217 2378 337 2454 vulgari
356 2377 502 2454 analogia,
522 2377 601 2437 unde
620 2379 745 2438 verbum
761 2371 838 2436 ‘sero
858 2407 895 2417 -
914 2372 1025 2437 satum'
1040 2383 1245 2455 sequerentur,

50 2465 86 2525 O.
104 2469 221 2528 Keller
240 2460 367 2527 ‘Letoia
388 2460 649 2541 Vollosetpmolope'c'
663 2485 696 2540 p.
712 2468 753 2524 36
772 2465 882 2525 docuit.

159 2600 219 2669 12.
253 2607 362 2667 Gerus
382 2627 512 2668 manus.

161 2705 360 2762 Testimon:
388 2707 468 2762 Paul.
487 2726 515 2776 p.
535 2713 569 2762 87
590 2708 676 2776 (1221
707 2706 750 2760 ‘ln
774 2706 895 2760 carmine
915 2705 1017 2761 Saliari
1037 2704 1121 2759 Cerne
1145 2721 1245 2759 manus

55 2777 239 2848 intelligitur
258 2779 368 2832 creatur
382 2778 493 2836 bonua’
514 2809 548 2819 —
567 2778 639 2832 Fest.
660 2797 688 2848 p.
707 2782 758 2832 130
773 2780 860 2846 (146):
890 2777 1000 2832 ‘Manes
1024 2776 1053 2830 in
1077 2775 1246 2830 carminibus

57 2848 227 2904 Saliaribus
245 2847 342 2904 Aelius
362 2849 433 2903 Stilo
453 2849 610 2919 significare
630 2850 671 2902 ait
690 2849 799 2904 bonos.’

158 2921 233 2976 Var.
253 2923 344 2976 lect:
364 2921 474 2992 manos]
494 2922 540 2990 (so.
556 2923 588 2974 111
604 2920 683 2975 Festi
697 2921 776 2989 loco):
797 2937 912 2974 manuos
926 2918 965 2987 F,
985 2935 1100 2974 mannes
1116 2918 1244 2972 Aurelius

57 2993 143 3048 codd.
164 2992 261 3060 Pauli,
280 3009 376 3046 manes
395 2997 535 3061 exemptor
553 2997 585 3047 11
601 2992 721 3058 formam
739 2992 871 3047 usitatam
889 2991 1030 3060 scripsisse
1048 2991 1164 3046 videtur.

159 3087 351 3148 Oomment.
390 3089 498 3148 Oerum
517 3087 625 3149 Festus
644 3088 792 3163 nominat,
816 3080 947 3146 ‘Carras’
967 3087 1094 3146 nominis
1114 3085 1243 3145 formam

59 3177 236 3252 postulavit
258 3178 407 3237 Bucheler
431 3169 589 3257 (Umbrica
607 3198 639 3252 p.
659 3169 714 3259 99)
738 3178 884 3254 probante
906 3195 1003 3251 nuper
1027 3175 1175 3234 Wiseowa
1198 3165 1245 3256 (ta

60 3267 208 3327 Roscberi
226 3269 315 3327 lexico
332 3258 540 3346 mptboloptco).
568 3261 653 3327 ε11111
665 3261 808 3340 pocolom'
827 3265 921 3325 habet
934 3282 987 3325 vas
1002 3263 1244 3340 antiquissimum

62 3355 95 3413 in
115 3355 207 3416 Latio
235 3359 390 3432 repertum
418 3347 621 3437 (0111146),
651 3355 740 3418 Ceres
768 3357 824 3414 dea
849 3354 1049 3424 Romanorum
1077 3356 1157 3412 certe
1186 3371 1244 3410 uno

64 3445 185 3522 scripta
212 3447 311 3520 1111;
340 3447 444 3505 contra
470 3445 502 3504 in
527 3451 694 3505 ceterorum
716 3445 862 3504 Italorum
885 3443 997 3518 linguis
1021 3444 1147 3518 stirpem
1170 3459 1246 3501 cers-

66 3561 249 3637 reperimus‚
273 3535 394 3633 Ocrfcm
417 3562 496 3635 apud
521 3561 661 3636 Umbros,
684 3561 758 3620 Keri
776 3551 866 3640 (dat.)
890 3559 970 3633 apud
990 3555 1096 3634 Oscos,
1124 3555 1244 3629 Oerfucn

66 3648 297 3727 Paelignorum
321 3649 424 3708 eadem
443 3648 537 3725 stirpe
557 3649 648 3708 etiam
667 3649 723 3708 dea
741 3650 814 3708 baec
828 3647 1017 3706 Sabellorum
1036 3664 1144 3704 nomen
1163 3663 1243 3704 acce·

68 3739 132 3816 pit,
156 3757 232 3814 quae
255 3737 354 3810 Oerfia
376 3739 414 3796 ab
433 3737 569 3814 Umbris,
591 3739 702 3797 Kcrrio
725 3738 762 3796 ab
783 3735 866 3796 Oscis
889 3737 1068 3811 vocabatur,
1093 3733 1128 3792 cf.
1154 3734 1245 3794 etiam

70 3819 194 3901 ‘repono
206 3829 275 3901 piat
293 3825 375 3885 Certe
392 3817 496 3885 Iooia'
519 3827 551 3884 in
573 3825 765 3900 inscriptione
785 3824 1032 3884 Marrucinorum.
1069 3823 1155 3882 Hanc
1178 3822 1246 3881 stir-

70 3934 231 3990 1111111111-
251 3914 387 3974 extitisse
405 3933 523 3991 quoque
543 3916 623 3990 apud
639 3914 764 3974 Latinos
784 3934 800 3973 e
819 3913 940 3974 vocibus
961 3904 1103 3972 ‘cerritus'
1124 3914 1155 3970 et
1174 3929 1245 3970 occa

73 3994 105 4084 (e
124 4023 239 4077 carsae,
263 4007 299 4064 cf.
324 3997 521 4084 silicernium)
545 4003 688 4080 sequitur,
730 4005 772 4064 At
795 4004 875 4080 apud
893 4002 1059 4061 Varronem
1085 3992 1190 4083 (11.2)
1215 4002 1246 4058 11

162 4194 189 4262 1)
210 4169 251 4248 cf]
269 4191 436 4260 Marquardt
453 4193 528 4248 1112
543 4209 574 4262 p.
589 4195 653 4246 436.

161 4271 177 4318 2
208 4263 291 4318 Ouiae
311 4263 389 4332 origo
410 4279 481 4332 quae
500 4263 585 4317 fuerit
602 4261 710 4332 ignoro.

162 4339 189 4406 3)
209 4335 249 4392 cf.
269 4333 438 4404 1111111111
457 4336 504 4391 lot.
523 4334 621 4390 Lectio.
642 4333 721 4388 ΠΗ
737 4333 883 4406 (18911.
899 4335 965 4388 292.
