2762 4998
122 148 187 212 318
557 149 587 203 B.
606 149 851 204 itaurcubrechcr:

122 318 279 391 uersibus,
301 337 361 377 uon
384 335 450 376 esse
473 317 599 376 tertium
621 319 787 394 ceterisque
805 318 944 394 ignotum
961 319 1137 380 auctoribus
1157 319 1322 380 sacerdo·

121 409 211 486 tium,
235 427 307 484 ergo
331 425 396 466 esse
417 408 538 466 eosdem
556 425 592 466 ae
609 407 764 476 Palatinos
783 407 891 467 Salios.
927 409 1032 484 Neque
1050 429 1123 470 vero
1142 409 1216 469 talis
1242 428 1323 469 sen-

122 497 219 557 tentia
237 497 399 557 abhorrere
417 497 538 557 videtur
556 515 575 555 a
591 498 656 555 reri
675 496 786 572 specie:
805 497 917 556 etenim
935 497 1066 557 Nartem
1084 499 1177 559 fuisse
1196 499 1323 575 deum,

122 605 212 663 quem
237 585 386 662 imprimis
411 585 543 646 Palatini
571 585 646 644 Salii
673 589 889 644 venerarentur
915 587 1134 664 laudareutque
1163 591 1323 665 conatat3

124 676 223 736 Pavor
240 679 344 734 autem
362 675 501 735 Pallorre
519 675 591 751 quid
611 679 684 733 suut
700 675 785 733 aliud
803 675 862 734 nisi
875 676 982 736 Martis
1001 677 1125 736 comites
1147 707 1184 718 -
1207 679 1322 737 modo

123 765 252 824 Martem
269 765 342 824 belli
359 764 448 823 deum
466 764 616 839 acceperis
637 795 675 804 -
695 764 892 840 notioresque
910 765 1105 826 erirtutibus
1120 766 1213 826 Marti
1232 786 1319 842 pro-

122 854 197 930 priis
215 853 406 913 abstractae?
425 884 466 895 —
485 853 593 929 Itaque
611 856 647 912 ut
665 872 812 912 summam
831 854 948 927 faciam,
967 854 1027 913 duo
1044 855 1169 915 fuerunt
1182 856 1322 915 Romae

123 944 313 1003 sacerdotum
332 942 481 1003 Saliorum
505 961 618 1018 genera
637 942 824 1018 templaque,
846 944 976 1002 alterum
993 944 1026 1002 in
1044 945 1197 1019 Palatino,
1226 945 1323 1004 alte-

121 1051 190 1090 rum
212 1033 244 1090 in
262 1030 411 1100 Quirinali
434 1035 548 1108 moute3
571 1031 618 1090 illi
634 1032 762 1090 Romani
779 1031 941 1109 Latinique
962 1033 1100 1107 fuerunt3
1124 1035 1180 1094 bos
1204 1053 1226 1094 a
1253 1033 1318 1094 Sa-

122 1121 211 1181 bellis
229 1121 363 1181 conditos
382 1140 448 1180 esse
463 1120 700 1196 Sabinorumque
718 1120 790 1180 deos
804 1123 866 1180 ritu
880 1121 990 1182 Sabino
1004 1122 1134 1182 coluisse
1149 1126 1180 1182 et
1193 1143 1260 1198 per
1280 1143 1317 1182 se

121 1211 290 1286 putandum
300 1213 347 1270 est
356 1214 387 1271 et
396 1210 607 1287 comprobatur
615 1210 735 1269 nomine
744 1229 849 1270 eorum
856 1229 917 1270 uon
925 1212 1029 1289 latino,
1038 1231 1097 1287 quo
1105 1211 1317 1272 Sabellorum

121 1319 205 1360 more
230 1300 354 1376 agonias
379 1318 465 1360 sacra
489 1318 556 1374 sua,
582 1300 725 1376 Agonum
746 1303 893 1374 montem,
920 1301 1003 1376 ipsos
1026 1302 1202 1376 Agonenscs
1233 1320 1317 1362 sese

122 1388 322 1466 appellabant
370 1389 481 1450 Postea
508 1407 580 1449 rero
612 1389 675 1448 sire
704 1389 764 1448 alio
791 1390 879 1449 modo
907 1391 971 1448 sive
998 1391 1186 1470 (eversiculis
1216 1392 1317 1451 fecto

121 1479 219 1556 magIs
246 1479 405 1556 magisque
432 1497 533 1538 secum
560 1477 750 1554 coaluerunt3
778 1479 883 1538 eodem
909 1479 971 1538 ritu
994 1479 1161 1556 saliebant,
1190 1479 1316 1540 eodem

121 1569 281 1646 cauebant,
308 1568 404 1628 isdem
425 1569 489 1627 fere
510 1567 616 1626 diebus
639 1585 726 1626 sacra
747 1568 794 1626 dis
817 1567 982 1646 faciebant,
1009 1569 1084 1644 quin
1106 1569 1190 1643 deos,
1221 1587 1316 1646 quoe

122 1657 252 1716 alterum
270 1657 430 1733 collegium
448 1656 575 1716 coluisse
593 1657 706 1716 alteros
723 1656 804 1716 infra
821 1657 1033 1732 disputabitur,
1052 1658 1173 1716 eosdem
1193 1677 1315 1718 omnes

122 1747 379 1806 concrescentibus
394 1747 506 1806 Romoe
525 1747 708 1805 diversarum
726 1747 863 1822 gentium
882 1746 959 1806 diris
978 1747 1154 1806 adorabant.
1187 1747 1315 1818 Mediis

121 1835 234 1895 liberae
257 1836 303 1894 rei
321 1836 460 1911 publicae
478 1835 665 1911 temporibus
683 1834 865 1894 Graecarum
883 1835 1064 1911 religionum
1082 1836 1215 1911 undique
1237 1837 1313 1897 Ro-

121 1943 201 1984 mam
220 1925 434 1984 incurrentium
452 1925 579 2000 impetui
596 1943 693 2000 neque
712 1923 811 1983 Salios
829 1924 978 1983 restitisse
997 1944 1033 1982 ex
1052 1924 1192 1985 Herculis
1211 1927 1314 1985 cultu

123 2013 253 2073 efficItur
270 2007 349 2092 (vide
365 2005 476 2094 infra);
494 2013 687 2089 imperatoria
705 2015 805 2072 aetate
823 2013 896 2089 quid
909 2013 1063 2072 valuerint
1075 2014 1224 2073 incertum
1241 2018 1309 2090 est,

121 2121 302 2182 quamquam
329 2104 525 2179 imperatores
552 2102 663 2161 favisse
691 2101 738 2160 bis
761 2101 966 2162 sacerdotibus
988 2104 1129 2179 ipsosque
1154 2103 1311 2179 religiose

121 2192 218 2252 cultos
243 2192 282 2252 ab
300 2192 363 2252 illis
381 2210 446 2251 esse
464 2191 626 2250 verisimile
645 2195 699 2249 est
735 2191 837 2249 Etiam
855 2195 983 2250 exeunte
1001 2195 1108 2267 quarto
1128 2212 1156 2267 p.
1176 2190 1250 2254 Ohr.
1274 2214 1308 2251 n.

121 2282 241 2341 saeculo
265 2282 359 2341 fuisse
377 2281 490 2340 Romae
509 2279 606 2339 Salios
624 2298 661 2338 ex
678 2279 872 2355 inscriptione
887 2279 953 2339 CIL
968 2280 1013 2339 VI
1029 2282 1113 2340 2158
1135 2281 1210 2341 bene
1229 2300 1309 2342 con-

120 2371 211 2430 clusit
227 2371 413 2448 Marquardt.

210 2505 245 2573 2.
277 2513 327 2573 De
351 2477 574 2572 carminibus
595 2510 800 2570 Saliaribus
823 2510 1044 2570 testimonia.

209 2611 243 2701 a)
262 2617 486 2679 Testimonia
503 2617 545 2676 de
563 2617 785 2677 carminibus
801 2635 821 2676 a
834 2617 923 2676 Saliis
938 2618 1067 2678 cantatis
1082 2622 1114 2678 et
1128 2620 1169 2678 de
1183 2619 1308 2678 Numa

121 2711 270 2768 auctore
289 2726 404 2768 eorum:

210 2806 315 2866 Livius
328 2804 345 2863 I
360 2805 446 2880 20,4
464 2793 609 2886 (Numa):
636 2795 752 2864 ‘Salios
775 2801 849 2864 item
871 2801 1027 2864 duodecim
1049 2803 1141 2864 Marti
1165 2804 1305 2867 Gradivo

124 2895 219 2972 legit.
235 2940 243 2955 .
257 2913 331 2971 .per
348 2893 454 2954 urbem
474 2891 518 2952 ire
537 2895 677 2953 canentes
695 2911 763 2952 cum
781 2891 923 2970 tripudiis
942 2893 1141 2971 sollemnique
1160 2889 1305 2955 saltatu?

211 2991 298 3054 Orid.
317 2993 398 3052 ieet.
412 2989 488 3052 VIII
504 2992 567 3052 387
588 2983 640 3072 (dc
659 2981 785 3072 Numa):

290 3092 367 3159 ‘Iam
386 3099 511 3159 dederat
529 3095 619 3158 Saliis
637 3115 656 3156 a
674 3095 754 3157 salto
773 3095 895 3156 nemius
912 3095 1001 3170 dieta

334 3189 487 3264 Armaque
506 3189 537 3246 et
555 3185 594 3244 ad
612 3189 710 3246 certos
728 3185 821 3246 verba
839 3184 972 3246 cauenda
989 3179 1114 3246 modos?

211 3293 552 3356 Cindocellum:
584 3285 734 3363 ‘Quorum
763 3287 818 3374 (sa
843 3313 1037 3353 numerorum
1060 3296 1151 3370 atque
1174 3288 1301 3376 vocum)

122 3389 176 3446 illa
198 3405 315 3446 summa
338 3384 384 3444 vis
407 3383 589 3442 carminiliis
613 3387 661 3442 est
683 3383 782 3458 aptior
804 3385 835 3440 et
858 3382 1010 3458 cautibus,
1033 3401 1094 3442 uon
1116 3384 1256 3461 neglecta
1280 3403 1300 3443 a

122 3477 223 3536 Numa
236 3493 308 3551 rege
322 3471 494 3533 doctissimo
508 3471 732 3549 maioribusque
745 3469 865 3546 uostris,
885 3471 920 3530 ut
933 3469 1091 3546 epularum
1106 3473 1298 3532 sollemnium
1367 3473 1368 3488 ¹

123 3565 195 3626 fides
215 3582 251 3624 ac
269 3563 363 3622 tibiae
382 3561 592 3638 Saliorumque
610 3577 716 3622 versus
734 3551 886 3620 indicaut’

210 3663 316 3722 Horat
334 3660 421 3737 epist
435 3659 467 3719 Π
482 3663 510 3734 1,
525 3661 580 3720 86:

284 3761 365 3827 ‘Iam
384 3765 498 3826 Saliare
518 3765 635 3826 Numae
653 3781 773 3824 carmen
791 3762 844 3840 qui
862 3762 968 3824 laudat
986 3767 1018 3824 et
1035 3764 1119 3840 illud,

282 3855 367 3928 Quod
385 3872 502 3915 meeum
520 3853 649 3934 ignorat
668 3853 749 3914 solus
767 3853 831 3914 volt
850 3852 926 3913 scire
944 3847 1064 3914 videm’

214 3963 336 4037 Quintil.
351 3962 366 4022 I
382 3965 433 4041 10,
445 3963 499 4024 20:
519 3953 593 4022 ‘Sed
613 3963 750 4022 veterum
765 3979 883 4040 quoque
896 3957 1099 4020 Romanorum
1113 3961 1210 4037 epulis
1224 3960 1296 4021 tides
1367 3951 1368 3954 '

123 4077 159 4118 ae
182 4055 273 4117 tibias
295 4053 438 4113 adbibere
461 4050 552 4112 moria
575 4051 646 4128 tuit3
671 4069 775 4112 versus
797 4069 915 4128 quoque
934 4047 1085 4110 Saliorum
1103 4050 1216 4111 habent
1234 4069 1297 4110 car-

124 4167 201 4208 men.
238 4143 321 4216 Quae
339 4161 406 4202 cum
425 4141 525 4202 omnia
543 4141 604 4202 siut
622 4160 641 4202 a
658 4140 758 4200 Numa
776 4159 847 4218 rege
865 4131 1017 4200 iustituta’
1036 4141 1092 4200 ete.
1367 4175 1368 4248 p

213 4241 311 4302 Varro
330 4241 367 4300 de
384 4240 405 4300 l.
418 4239 438 4298 t
453 4238 514 4300 VII
528 4241 561 4299 2:
587 4232 679 4298 ‘aelii
702 4235 830 4300 bominis
850 4236 882 4296 in
900 4237 997 4313 primo
1015 4237 1048 4296 in
1064 4236 1177 4296 litteris
1194 4236 1295 4296 latinis

125 4332 279 4397 exercitati
302 4328 581 4408 interpretationem
603 4329 768 4390 carminum
789 4327 949 4388 Saliarium
973 4325 1088 4389 videbis
1110 4331 1141 4387 et
1159 4325 1230 4387 exiii
1248 4326 1294 4386 lit·
