2762 4998
137 149 202 215 330
576 151 606 206 Β.
621 151 866 207 Maurenbrecber:

136 324 293 397 praeterea
308 321 425 382 Octavii
441 321 599 380 Hersennii
616 321 692 380 liber
712 321 762 396 qui
778 321 951 380 inscribitur
966 315 1013 379 ‘de
1030 321 1120 380 saeris
1138 319 1332 380 Saliaribus
1363 312 1369 375 i

137 404 333 485 Tiburtium',
351 410 380 468 in
401 431 459 487 que
474 409 570 470 Salios
585 411 707 470 Herculi
725 411 879 470 institutes
898 411 1014 486 operari
1038 410 1145 469 diebus
1173 409 1278 468 certis
1303 415 1334 468 et

136 500 290 576 auspicato
314 501 413 578 docet3
440 500 513 560 item
533 500 681 560 Antonius
705 499 822 576 Gnipho
943 499 1039 558 Salios
1067 499 1205 558 Herculi
1241 500 1333 558 datos

134 578 258 666 probat'
282 592 312 649 et
330 588 426 650 Servii
449 591 547 649 locum
571 591 734 648 laudatum.
773 588 929 659 Quirinum
948 592 1104 648 veneratos
1123 607 1202 648 esse
1227 587 1332 648 Salios
1356 659 1361 666 Ι

135 678 270 753 sequitur
290 698 305 737 e
321 677 423 739 Servio
439 679 477 738 ad
490 679 564 737 Aen.
579 679 655 736 VIII
671 680 748 738 663:
768 672 888 756 ‘Salios
908 679 958 754 qui
973 680 1044 736 sunt
1059 678 1090 736 in
1104 678 1218 736 tutela
1234 677 1333 752 Iovis,

134 767 254 844 Martis,
279 762 420 844 Quirini’,
449 771 480 827 et
502 767 580 828 Livii
602 769 667 828 loco
691 769 778 827 modo
801 768 906 842 allato,
935 785 1114 844 quamquam
1138 767 1332 828 carminum

134 856 277 932 reliquiae
301 857 336 915 de
361 858 417 917 hoc
440 858 494 916 deo
518 857 606 932 plane
629 860 737 916 tacent.
784 856 955 932 Principum
980 858 1080 916 aetate
1107 857 1332 932 imperatores

133 947 254 1006 nemina
276 945 355 1004 inter
379 945 509 1005 carmina
528 947 654 1004 Saliaria
676 946 769 1022 recipi
792 946 958 1020 iusserunt3
981 945 1061 1021 quod
1084 965 1144 1004 non
1171 945 1258 1003 inde
1284 964 1333 1003 ex-

133 1035 302 1110 plicandum
319 1037 373 1112 est,
392 1035 473 1110 quod
487 1035 651 1094 recentiore
666 1038 765 1093 aetate
784 1036 875 1093 etiam
889 1035 1023 1094 homines
1037 1034 1154 1093 nobiles
1173 1034 1331 1094 eximios-

134 1142 191 1198 que
215 1123 395 1182 carminibus
420 1123 481 1182 suis
506 1123 579 1182 Salii
602 1123 774 1199 praedicare
798 1125 950 1196 coeperInt
973 1155 1009 1164 -
1036 1123 1120 1182 euius
1144 1124 1197 1182 rei
1227 1127 1331 1182 testes

13 1233 18 1246 ·
133 1213 209 1270 falso
234 1213 401 1272 afferuntur
425 1213 589 1272 Mamurius
612 1232 646 1272 ac
671 1213 764 1272 Lucia
787 1211 938 1272 Volumna
967 1245 1003 1253 -
1030 1212 1082 1271 sed
1106 1213 1329 1288 imperatores

133 1301 257 1360 deorum
290 1302 371 1360 nacti
398 1303 621 1362 venerationem
650 1303 740 1362 etiam
772 1303 803 1360 in
831 1301 1011 1360 carminibus
1039 1301 1216 1360 Saliaribus
1257 1321 1331 1360 oum

132 1390 239 1450 ceteris
259 1391 304 1449 dis
323 1391 441 1450 adorati
460 1395 538 1451 sunt.

223 1479 306 1538 Inter
325 1481 395 1538 deos
415 1480 546 1540 Saliares
567 1481 733 1554 complures
753 1482 835 1556 sunt,
859 1481 910 1556 qui
935 1480 1059 1538 eandem
1081 1479 1144 1538 fere
1167 1481 1245 1540 vim
1267 1479 1330 1540 vir-

135 1570 292 1645 tutemque
319 1569 444 1645 habent,
473 1571 550 1644 quod
578 1588 707 1644 quonam
730 1569 818 1628 modo
844 1569 1050 1644 explicandum
1077 1569 1116 1627 sit
1141 1569 1329 1644 quaeritrur.

136 1657 228 1715 Velut
246 1657 390 1716 habemus
410 1660 440 1716 et
458 1658 565 1716 Ianum
583 1661 614 1716 et
632 1657 747 1733 Iovem,
771 1659 822 1734 qui
841 1660 967 1733 uterque
986 1657 1061 1716 caeli
1079 1658 1223 1734 lucisque
1247 1657 1327 1715 deus

134 1749 188 1820 est,
208 1746 335 1804 Martem
351 1765 384 1804 ac
400 1746 566 1824 Quirinum,
586 1766 662 1822 quae
681 1749 784 1806 eadem
798 1747 922 1806 numina
941 1765 1005 1806 esse
1025 1747 1162 1806 habenda
1178 1749 1328 1820 constat,

134 1833 297 1893 Saturnum
312 1838 343 1894 et
358 1835 474 1910 (lerum,
494 1837 544 1911 qui
564 1837 643 1895 idem
657 1837 774 1896 telluris
790 1855 993 1913 agrorumque
1013 1835 1042 1893 di
1057 1837 1135 1894 sunt.
1168 1836 1216 1894 Et
1234 1835 1325 1893 Mars

133 1927 164 1981 et
182 1921 325 1992 Quirinus
345 1944 403 2000 qua
421 1945 453 1984 re
472 1925 586 1983 distent
608 1925 686 1984 inter
706 1945 737 1984 se
756 1929 860 1984 notum
880 1928 939 1984 est:
966 1925 1079 1984 scilicet
1097 1924 1179 1984 Mars
1202 1925 1327 1983 Roma-

132 2031 239 2071 norum
259 2012 332 2071 deus
352 2017 411 2090 est,
432 2013 572 2083 Quirinus
592 2007 817 2093 Sabinorum1);
840 2014 944 2090 itaque
966 2014 1090 2072 mixtam
1108 2013 1190 2090 apud
1213 2012 1322 2072 Salios

133 2103 164 2160 et
182 2101 347 2160 Romanam
366 2106 396 2161 et
415 2101 566 2162 Sabellam
586 2103 761 2178 religionem
787 2105 830 2162 ita
848 2104 911 2162 fere
930 2121 1008 2176 esse,
1031 2105 1065 2161 ut
1089 2103 1137 2162 dei
1158 2121 1226 2162 non
1249 2121 1321 2162 coa-

134 2188 254 2266 luerint,
274 2191 326 2250 sed
344 2191 376 2249 in
390 2192 473 2250 cultu
488 2192 571 2250 iuxta
589 2195 708 2250 tantum
723 2193 815 2267 positi
829 2193 889 2250 sInt
902 2191 1114 2268 intelligimns3
1134 2192 1187 2251 sed
1201 2193 1321 2268 postea

133 2279 214 2338 Mars
232 2280 346 2355 priores
363 2281 426 2356 egit
444 2284 554 2357 partes,
574 2279 690 2350 Quirini
708 2282 782 2340 adeo
803 2281 889 2340 obliti
904 2283 974 2340 sunt
989 2281 1070 2354 Salii,
1089 2282 1123 2338 ut
1141 2300 1178 2338 ne
1198 2281 1237 2339 in
1255 2298 1321 2340 car-

131 2368 212 2426 mina
227 2369 346 2444 quidem
361 2388 468 2429 nomen
483 2371 546 2430 eius
561 2371 740 2447 reciperent3
760 2389 940 2447 quamquam
959 2371 990 2428 in
1010 2370 1093 2428 cultu
1111 2389 1171 2429 nen
1188 2369 1320 2448 neglec-

131 2460 196 2516 tum
212 2477 277 2518 esse
293 2457 449 2527 Quirinum
465 2460 502 2519 ab
514 2459 722 2537 Agonensibus
740 2458 829 2518 Sabis
844 2459 1006 2518 verisimile
1022 2461 1076 2518 est.
1110 2457 1210 2527 Quare
1228 2459 1319 2516 idem

132 2546 169 2606 de
183 2547 255 2609 Iove
270 2567 304 2607 ac
317 2548 390 2608 Iano
405 2550 598 2608 statuendum
613 2549 684 2607 erit:
704 2552 794 2624 atque
809 2567 877 2608 cunr
891 2547 1007 2624 lanum,
1025 2549 1161 2623 quamvis
1174 2545 1317 2624 posteris

132 2638 311 2696 ememoria
330 2637 534 2712 religioneque
558 2656 733 2697 evanescere
757 2638 904 2712 coepisset
926 2640 1015 2712 atque
1036 2636 1186 2695 oblivione
1210 2654 1317 2712 paene

133 2726 258 2784 obrutus
274 2728 363 2803 esset,
381 2729 481 2784 tamen
496 2726 737 2802 antiquissimum
752 2726 984 2802 primariumque
999 2725 1200 2784 Romanorum
1216 2725 1316 2784 deum

131 2814 224 2873 fuisse
244 2817 275 2873 et
293 2814 360 2874 aliis
379 2814 494 2872 indiciis
514 2814 755 2892 testimoniisque
774 2817 892 2876 constet
910 2817 940 2873 et
959 2814 1124 2874 carminum
1144 2812 1313 2874 Saliarium

135 2904 311 2980 fragmentis
334 2908 349 2962 1
380 2906 411 2962 et
431 2905 449 2963 3
469 2904 635 2979 evincatur,
658 2903 775 2980 Iovem,
803 2906 854 2980 qui
873 2905 1037 2963 recentiore
1060 2903 1181 2980 quidam
1204 2905 1314 2962 aetate

134 3010 269 3051 summus
289 2992 363 3051 caeli
382 2993 544 3070 mundique
568 3013 620 3053 rex
644 2995 724 3054 solus
743 2995 922 3071 putabatur,
945 3010 1015 3053 non¹
1029 2992 1142 3070 origine
1161 2993 1313 3063 Romana,

133 3082 185 3140 sed
213 3080 360 3140 Sabellica
383 3082 543 3142 oriundum
567 3101 631 3142 esse
660 3083 806 3143 existimo.
851 3082 953 3142 Iovem
979 3082 1098 3158 quidem
1121 3080 1310 3140 Umbrorum

132 3170 220 3229 deum
238 3169 332 3230 fuisse
352 3191 388 3230 ex
406 3171 541 3247 IguvinIs
559 3171 672 3231 tabulis
691 3171 862 3248 didicimus,
883 3171 973 3230 etiam
989 3169 1073 3230 Oscis
1092 3170 1218 3230 eundem
1237 3188 1318 3247 pro--

131 3259 230 3335 prium
253 3259 347 3318 fuisse
372 3261 570 3319 monumentis
595 3259 679 3320 Oscis
703 3261 884 3338 declaratur,
912 3259 991 3335 apud
1015 3259 1106 3319 Oscos
1134 3258 1204 3319 solis
1231 3260 1310 3318 deus

131 3347 384 3407 factusLucetius
404 3349 573 3424 appellatus
594 3353 652 3409 est:
672 3353 703 3408 et
721 3349 808 3410 viden
828 3350 919 3408 etiam
937 3349 968 3407 in
987 3347 1167 3408 carminibus
1182 3346 1306 3406 Saliari-

130 3438 188 3496 bus
202 3436 268 3512 ipso
284 3437 339 3496 hoc
353 3437 472 3497 Lucerii
486 3439 660 3516 cognomine
672 3438 774 3514 Iovem
788 3440 959 3514 praeditum
973 3456 1047 3513 esse,
1062 3437 1305 3512 antiquissimum

10 3575 16 3604 ,
133 3526 227 3604 igitur
245 3526 433 3604 migrationis
453 3528 541 3586 huius
555 3528 636 3587 Iovis
651 3527 698 3585 dei
713 3528 879 3604 exemplum
899 3529 955 3586 hoo
969 3545 1089 3586 carmen
1102 3525 1244 3602 possides.
1264 3556 1303 3564 -

132 3615 295 3674 Saturnum
322 3633 389 3674 cum
409 3614 473 3692 Ope
497 3616 553 3675 dea
570 3616 707 3693 Latinos,
731 3615 839 3676 Oerunr
859 3614 1056 3692 Cereremque
1080 3613 1214 3675 Sabellos
1238 3631 1303 3674 esse
1370 3671 1371 3674 ,

131 3704 249 3764 collatis
269 3701 414 3763 Oscorum
432 3704 672 3783 Umbrornmque
696 3705 742 3764 dis
762 3705 849 3783 Oerfo
869 3703 1023 3780 Oerfiaque
1043 3706 1074 3763 et
1091 3703 1163 3764 Keri
1181 3703 1304 3762 Kerria-

12 3823 13 3831 κ
131 3812 189 3868 que
208 3794 352 3868 sequitur.
391 3792 443 3851 Sin
462 3794 626 3854 Romanam
645 3795 835 3872 religionem,
860 3813 950 3870 quam
968 3793 1088 3869 quidem
1107 3793 1185 3868 apud
1205 3792 1302 3851 Salios

13 3892 18 3921 ³
130 3881 224 3941 fuisse
239 3883 357 3956 scimus,
372 3881 445 3942 adeo
459 3882 552 3942 fuisse
566 3885 689 3943 mixtam
704 3903 770 3944 curn
785 3883 933 3943 SabeIIIca
947 3882 1152 3960 intelligimus,
1165 3882 1221 3940 hoc
1236 3899 1301 3940 esse
1370 3869 1371 3886 ¹

13 3976 20 4025 ,²
130 3970 244 4030 factum
266 3971 398 4046 videtur,
422 3990 489 4030 cum
508 3971 638 4032 Palatini
657 3971 883 4049 Quirinalesque
903 3971 977 4032 Salii
995 3970 1209 4031 consuetudine
1228 3988 1299 4047 qua·
1370 3999 1371 4002 ¹

14 4048 17 4059 ’
132 4059 201 4118 dam
219 4063 308 4138 atque
328 4080 385 4120 usu
403 4061 555 4120 coniuncti
573 4065 651 4121 sunt.

222 4249 247 4314 1)
261 4245 290 4301 O.
304 4247 418 4318 Preller,
437 4247 581 4305 Rdmiecte
601 4249 769 4319 Myttolopie
787 4249 838 4306 eol.
854 4251 875 4304 I
891 4251 932 4306 cd.
947 4253 964 4304 3
979 4253 1091 4318 12:369.
