<?xml version="1.0" encoding="UTF-8"?>
<!DOCTYPE html PUBLIC "-//W3C//DTD XHTML 1.0 Transitional//EN"
    "http://www.w3.org/TR/xhtml1/DTD/xhtml1-transitional.dtd">
<html xmlns="http://www.w3.org/1999/xhtml" xml:lang="en" lang="en">
 <head>
  <title>
</title>
<meta http-equiv="Content-Type" content="text/html;charset=utf-8" />
  <meta name='ocr-system' content='tesseract 3.04.00' />
  <meta name='ocr-capabilities' content='ocr_page ocr_carea ocr_par ocr_line ocrx_word'/>
</head>
<body>
  <div class='ocr_page' id='page_1' title='image "./carminumsaliari00maurgoog_0044.png"; bbox 0 0 2762 4998; ppageno 0'>
   <div class='ocr_carea' id='block_1_1' title="bbox 390 152 1222 220">
    <p class='ocr_par' dir='ltr' id='par_1_1' title="bbox 390 152 1222 220">
     <span class='ocr_line' id='line_1_1' title="bbox 390 152 1222 220; baseline 0.012 -13"><span class='ocrx_word' id='word_1_1' title='bbox 390 152 551 208; x_wconf 76' lang='lat' dir='ltr'><strong>carminum</strong></span> <span class='ocrx_word' id='word_1_2' title='bbox 571 152 719 208; x_wconf 80' lang='lat' dir='ltr'>Saliarium</span> <span class='ocrx_word' id='word_1_3' title='bbox 738 153 882 220; x_wconf 78' lang='lat' dir='ltr'>reliquiae.</span> <span class='ocrx_word' id='word_1_4' title='bbox 1157 153 1222 217; x_wconf 89' lang='grc'>349</span> 
     </span>
    </p>
   </div>
   <div class='ocr_carea' id='block_1_2' title="bbox 44 321 1223 577">
    <p class='ocr_par' dir='ltr' id='par_1_2' title="bbox 44 321 1223 577">
     <span class='ocr_line' id='line_1_2' title="bbox 45 321 1223 399; baseline 0.002 -20"><span class='ocrx_word' id='word_1_5' title='bbox 45 322 160 380; x_wconf 84' lang='lat' dir='ltr'>stiuam</span> <span class='ocrx_word' id='word_1_6' title='bbox 184 325 277 399; x_wconf 84' lang='lat' dir='ltr'>atque</span> <span class='ocrx_word' id='word_1_7' title='bbox 301 323 350 382; x_wconf 88' lang='lat' dir='ltr'>vel</span> <span class='ocrx_word' id='word_1_8' title='bbox 372 321 458 381; x_wconf 86' lang='lat' dir='ltr'>Italis</span> <span class='ocrx_word' id='word_1_9' title='bbox 482 342 668 382; x_wconf 90' lang='lat' dir='ltr'>communem</span> <span class='ocrx_word' id='word_1_10' title='bbox 690 322 783 382; x_wconf 86' lang='lat' dir='ltr'>fuisse</span> <span class='ocrx_word' id='word_1_11' title='bbox 808 323 943 398; x_wconf 87' lang='lat' dir='ltr'>sequitur</span> <span class='ocrx_word' id='word_1_12' title='bbox 967 323 1077 382; x_wconf 85' lang='lat' dir='ltr'>coliata</span> <span class='ocrx_word' id='word_1_13' title='bbox 1096 321 1223 381; x_wconf 89' lang='lat' dir='ltr'>Umbro-</span> 
     </span>
     <span class='ocr_line' id='line_1_3' title="bbox 44 405 1222 490; baseline 0.001 -22"><span class='ocrx_word' id='word_1_14' title='bbox 44 431 110 468; x_wconf 86' lang='lat' dir='ltr'>rum</span> <span class='ocrx_word' id='word_1_15' title='bbox 130 411 252 490; x_wconf 83' lang='lat' dir='ltr'>lingua,</span> <span class='ocrx_word' id='word_1_16' title='bbox 271 411 307 472; x_wconf 85' lang='lat' dir='ltr'>cf.</span> <span class='ocrx_word' id='word_1_17' title='bbox 327 412 387 470; x_wconf 88' lang='lat' dir='ltr'>tab.</span> <span class='ocrx_word' id='word_1_18' title='bbox 407 412 492 488; x_wconf 85' lang='lat' dir='ltr'>Iguv.</span> <span class='ocrx_word' id='word_1_19' title='bbox 511 411 540 469; x_wconf 93' lang='lat' dir='ltr'><strong>V</strong></span> <span class='ocrx_word' id='word_1_20' title='bbox 560 414 617 489; x_wconf 83' lang='grc'>17,</span> <span class='ocrx_word' id='word_1_21' title='bbox 636 412 687 470; x_wconf 91' lang='lat' dir='ltr'>ubi</span> <span class='ocrx_word' id='word_1_22' title='bbox 708 405 860 470; x_wconf 71' lang='lat' dir='ltr'>‘mancile</span> <span class='ocrx_word' id='word_1_23' title='bbox 877 413 966 471; x_wconf 81' lang='lat' dir='ltr'>hobia</span> <span class='ocrx_word' id='word_1_24' title='bbox 983 429 1086 470; x_wconf 77' lang='lat' dir='ltr'>numer</span> <span class='ocrx_word' id='word_1_25' title='bbox 1101 406 1222 484; x_wconf 81' lang='lat' dir='ltr'>precer&#39;</span> 
     </span>
     <span class='ocr_line' id='line_1_4' title="bbox 44 494 1195 577; baseline 0.001 -20"><span class='ocrx_word' id='word_1_26' title='bbox 44 501 122 558; x_wconf 86' lang='lat' dir='ltr'>infra</span> <span class='ocrx_word' id='word_1_27' title='bbox 143 502 307 576; x_wconf 88' lang='lat' dir='ltr'>opponitur</span> <span class='ocrx_word' id='word_1_28' title='bbox 326 495 472 560; x_wconf 72' lang='lat' dir='ltr'>‘monetula</span> <span class='ocrx_word' id='word_1_29' title='bbox 489 502 578 560; x_wconf 79' lang='lat' dir='ltr'>habia</span> <span class='ocrx_word' id='word_1_30' title='bbox 595 519 698 560; x_wconf 82' lang='lat' dir='ltr'>numer</span> <span class='ocrx_word' id='word_1_31' title='bbox 717 495 831 577; x_wconf 81' lang='lat' dir='ltr'>tcpler&#39;,</span> <span class='ocrx_word' id='word_1_32' title='bbox 857 503 922 559; x_wconf 89' lang='lat' dir='ltr'>tum</span> <span class='ocrx_word' id='word_1_33' title='bbox 942 495 1056 560; x_wconf 80' lang='lat' dir='ltr'>‘numer</span> <span class='ocrx_word' id='word_1_34' title='bbox 1075 494 1195 574; x_wconf 83' lang='lat' dir='ltr'>tripler&#39;.</span> 
     </span>
    </p>
   </div>
   <div class='ocr_carea' id='block_1_3' title="bbox 10 635 1224 1697">
    <p class='ocr_par' dir='ltr' id='par_1_3' title="bbox 10 635 1224 1697">
     <span class='ocr_line' id='line_1_5' title="bbox 135 635 413 705; baseline 0.011 -5"><span class='ocrx_word' id='word_1_35' title='bbox 135 635 216 705; x_wconf 69' lang='lat'><strong>26³⁸.</strong></span> <span class='ocrx_word' id='word_1_36' title='bbox 254 643 413 703; x_wconf 86' lang='lat' dir='ltr'>Plisimu.</span> 
     </span>
     <span class='ocr_line' id='line_1_6' title="bbox 135 740 1223 812; baseline 0 -18"><span class='ocrx_word' id='word_1_37' title='bbox 135 741 338 797; x_wconf 79' lang='lat' dir='ltr'>Testimon.r</span> <span class='ocrx_word' id='word_1_38' title='bbox 363 740 453 795; x_wconf 87' lang='lat' dir='ltr'>Varro</span> <span class='ocrx_word' id='word_1_39' title='bbox 477 741 510 795; x_wconf 89' lang='lat' dir='ltr'>dc</span> <span class='ocrx_word' id='word_1_40' title='bbox 534 741 603 811; x_wconf 83' lang='lat' dir='ltr'>ling.</span> <span class='ocrx_word' id='word_1_41' title='bbox 622 742 672 796; x_wconf 83' lang='lat' dir='ltr'>lat.</span> <span class='ocrx_word' id='word_1_42' title='bbox 687 740 739 794; x_wconf 92' lang='lat' dir='ltr'>VII</span> <span class='ocrx_word' id='word_1_43' title='bbox 754 745 788 796; x_wconf 75' lang='lat'>26</span> <span class='ocrx_word' id='word_1_44' title='bbox 804 741 851 811; x_wconf 86' lang='lat' dir='ltr'>[cf.</span> <span class='ocrx_word' id='word_1_45' title='bbox 870 743 906 808; x_wconf 83' lang='lat' dir='ltr'>fr.</span> <span class='ocrx_word' id='word_1_46' title='bbox 921 742 964 812; x_wconf 76' lang='lat'>4]:</span> <span class='ocrx_word' id='word_1_47' title='bbox 989 740 1138 810; x_wconf 57' lang='lat' dir='ltr'>‘plurima</span> <span class='ocrx_word' id='word_1_48' title='bbox 1162 744 1223 810; x_wconf 88' lang='lat' dir='ltr'>plu-</span> 
     </span>
     <span class='ocr_line' id='line_1_7' title="bbox 45 812 801 882; baseline 0.001 -17"><span class='ocrx_word' id='word_1_49' title='bbox 45 813 137 867; x_wconf 63' lang='lat' dir='ltr'>rima!</span> <span class='ocrx_word' id='word_1_50' title='bbox 171 813 273 867; x_wconf 83' lang='lat' dir='ltr'>Festus</span> <span class='ocrx_word' id='word_1_51' title='bbox 290 831 317 882; x_wconf 88' lang='lat' dir='ltr'>p.</span> <span class='ocrx_word' id='word_1_52' title='bbox 332 817 385 866; x_wconf 77' lang='lat'>244</span> <span class='ocrx_word' id='word_1_53' title='bbox 400 816 487 880; x_wconf 78' lang='lat'><strong>(205):</strong></span> <span class='ocrx_word' id='word_1_54' title='bbox 508 812 641 882; x_wconf 62' lang='lat' dir='ltr'>‘plisima</span> <span class='ocrx_word' id='word_1_55' title='bbox 660 813 801 881; x_wconf 90' lang='lat' dir='ltr'>plurima.’</span> 
     </span>
     <span class='ocr_line' id='line_1_8' title="bbox 136 909 1221 986; baseline 0 -18"><span class='ocrx_word' id='word_1_56' title='bbox 136 909 331 969; x_wconf 82' lang='lat' dir='ltr'>Commeat.</span> <span class='ocrx_word' id='word_1_57' title='bbox 373 911 498 968; x_wconf 81' lang='lat' dir='ltr'>Plisimc</span> <span class='ocrx_word' id='word_1_58' title='bbox 524 909 646 982; x_wconf 82' lang='lat' dir='ltr'>Festus,</span> <span class='ocrx_word' id='word_1_59' title='bbox 672 909 769 968; x_wconf 82' lang='lat' dir='ltr'>Varro</span> <span class='ocrx_word' id='word_1_60' title='bbox 792 911 925 983; x_wconf 71' lang='lat' dir='ltr'>piissima</span> <span class='ocrx_word' id='word_1_61' title='bbox 952 927 1132 986; x_wconf 86' lang='lat' dir='ltr'>quamquam</span> <span class='ocrx_word' id='word_1_62' title='bbox 1161 914 1221 968; x_wconf 87' lang='lat' dir='ltr'>tra-</span> 
     </span>
     <span class='ocr_line' id='line_1_9' title="bbox 16 997 1222 1076; baseline 0.002 -22"><span class='ocrx_word' id='word_1_63' title='bbox 16 998 21 1012; x_wconf 90' lang='lat'>&#39;</span> <span class='ocrx_word' id='word_1_64' title='bbox 45 997 129 1076; x_wconf 82' lang='lat' dir='ltr'>dunt,</span> <span class='ocrx_word' id='word_1_65' title='bbox 151 1003 253 1056; x_wconf 85' lang='lat' dir='ltr'>tamen</span> <span class='ocrx_word' id='word_1_66' title='bbox 275 1000 401 1057; x_wconf 90' lang='lat' dir='ltr'>eundem</span> <span class='ocrx_word' id='word_1_67' title='bbox 420 999 585 1057; x_wconf 80' lang='lat' dir='ltr'>carminum</span> <span class='ocrx_word' id='word_1_68' title='bbox 602 998 765 1057; x_wconf 81' lang='lat' dir='ltr'>Saliarium</span> <span class='ocrx_word' id='word_1_69' title='bbox 789 998 885 1057; x_wconf 89' lang='lat' dir='ltr'>locum</span> <span class='ocrx_word' id='word_1_70' title='bbox 906 999 943 1056; x_wconf 89' lang='lat' dir='ltr'>ab</span> <span class='ocrx_word' id='word_1_71' title='bbox 962 1000 1091 1074; x_wconf 88' lang='lat' dir='ltr'>utroque</span> <span class='ocrx_word' id='word_1_72' title='bbox 1110 998 1222 1056; x_wconf 86' lang='lat' dir='ltr'>dictum</span> 
     </span>
     <span class='ocr_line' id='line_1_10' title="bbox 46 1082 1222 1164; baseline 0 -20"><span class='ocrx_word' id='word_1_73' title='bbox 46 1106 109 1145; x_wconf 85' lang='lat' dir='ltr'>esse</span> <span class='ocrx_word' id='word_1_74' title='bbox 135 1105 299 1146; x_wconf 88' lang='lat' dir='ltr'>consensus</span> <span class='ocrx_word' id='word_1_75' title='bbox 323 1107 408 1146; x_wconf 87' lang='lat' dir='ltr'>casus</span> <span class='ocrx_word' id='word_1_76' title='bbox 431 1089 606 1164; x_wconf 90' lang='lat' dir='ltr'>numerique</span> <span class='ocrx_word' id='word_1_77' title='bbox 626 1082 724 1164; x_wconf 80' lang='lat' dir='ltr'>docet3</span> <span class='ocrx_word' id='word_1_78' title='bbox 748 1091 876 1163; x_wconf 85' lang='lat' dir='ltr'>utreque</span> <span class='ocrx_word' id='word_1_79' title='bbox 894 1107 965 1146; x_wconf 88' lang='lat' dir='ltr'>vero</span> <span class='ocrx_word' id='word_1_80' title='bbox 991 1089 1088 1146; x_wconf 82' lang='lat' dir='ltr'>forma</span> <span class='ocrx_word' id='word_1_81' title='bbox 1105 1088 1222 1147; x_wconf 85' lang='lat' dir='ltr'>novicia</span> 
     </span>
     <span class='ocr_line' id='line_1_11' title="bbox 45 1169 1222 1253; baseline 0.001 -20"><span class='ocrx_word' id='word_1_82' title='bbox 45 1194 108 1244; x_wconf 83' lang='lat' dir='ltr'>esse</span> <span class='ocrx_word' id='word_1_83' title='bbox 129 1177 397 1252; x_wconf 85' lang='lat' dir='ltr'>grammaticisque</span> <span class='ocrx_word' id='word_1_84' title='bbox 417 1177 519 1235; x_wconf 91' lang='lat' dir='ltr'>deberi</span> <span class='ocrx_word' id='word_1_85' title='bbox 538 1177 612 1234; x_wconf 90' lang='lat' dir='ltr'>mihi</span> <span class='ocrx_word' id='word_1_86' title='bbox 630 1176 758 1253; x_wconf 78' lang='lat' dir='ltr'>videtur,</span> <span class='ocrx_word' id='word_1_87' title='bbox 778 1176 857 1252; x_wconf 90' lang='lat' dir='ltr'>quod</span> <span class='ocrx_word' id='word_1_88' title='bbox 876 1177 912 1234; x_wconf 88' lang='lat' dir='ltr'>de</span> <span class='ocrx_word' id='word_1_89' title='bbox 932 1169 1081 1250; x_wconf 76' lang='lat' dir='ltr'>‘plustmc’</span> <span class='ocrx_word' id='word_1_90' title='bbox 1101 1177 1222 1251; x_wconf 89' lang='lat' dir='ltr'>quidem</span> 
     </span>
     <span class='ocr_line' id='line_1_12' title="bbox 47 1264 1224 1342; baseline 0.001 -21"><span class='ocrx_word' id='word_1_91' title='bbox 47 1267 257 1342; x_wconf 86' lang='lat' dir='ltr'>unusquisque</span> <span class='ocrx_word' id='word_1_92' title='bbox 285 1265 359 1322; x_wconf 90' lang='lat' dir='ltr'>mihi</span> <span class='ocrx_word' id='word_1_93' title='bbox 389 1265 537 1324; x_wconf 73' lang='lat' dir='ltr'>concedet.</span> <span class='ocrx_word' id='word_1_94' title='bbox 576 1265 676 1324; x_wconf 83' lang='lat' dir='ltr'>Etiam</span> <span class='ocrx_word' id='word_1_95' title='bbox 698 1267 822 1339; x_wconf 63' lang='lat' dir='ltr'>ptisana</span> <span class='ocrx_word' id='word_1_96' title='bbox 845 1264 987 1324; x_wconf 85' lang='lat' dir='ltr'>aVerrio</span> <span class='ocrx_word' id='word_1_97' title='bbox 1010 1268 1153 1324; x_wconf 85' lang='lat' dir='ltr'>novatum</span> <span class='ocrx_word' id='word_1_98' title='bbox 1177 1268 1224 1323; x_wconf 86' lang='lat' dir='ltr'>est</span> 
     </span>
     <span class='ocr_line' id='line_1_13' title="bbox 10 1346 1222 1434; baseline 0.001 -25"><span class='ocrx_word' id='word_1_99' title='bbox 10 1346 11 1356; x_wconf 46' lang='lat'>³</span> <span class='ocrx_word' id='word_1_100' title='bbox 48 1373 81 1410; x_wconf 83' lang='lat' dir='ltr'>er</span> <span class='ocrx_word' id='word_1_101' title='bbox 96 1354 271 1430; x_wconf 78' lang='lat' dir='ltr'>antiquiore</span> <span class='ocrx_word' id='word_1_102' title='bbox 285 1347 460 1430; x_wconf 74' lang='lat' dir='ltr'>‘pieiscmc&#39;‚</span> <span class='ocrx_word' id='word_1_103' title='bbox 473 1352 550 1412; x_wconf 87' lang='lat' dir='ltr'>hanc</span> <span class='ocrx_word' id='word_1_104' title='bbox 565 1358 644 1412; x_wconf 91' lang='lat' dir='ltr'>enim</span> <span class='ocrx_word' id='word_1_105' title='bbox 657 1355 786 1413; x_wconf 84' lang='lat' dir='ltr'>formam</span> <span class='ocrx_word' id='word_1_106' title='bbox 801 1353 945 1412; x_wconf 81' lang='lat' dir='ltr'>Saliarem</span> <span class='ocrx_word' id='word_1_107' title='bbox 962 1373 1027 1412; x_wconf 87' lang='lat' dir='ltr'>esse</span> <span class='ocrx_word' id='word_1_108' title='bbox 1041 1354 1181 1413; x_wconf 86' lang='lat' dir='ltr'>mavelim</span> <span class='ocrx_word' id='word_1_109' title='bbox 1188 1346 1222 1434; x_wconf 71' lang='lat'>1),</span> 
     </span>
     <span class='ocr_line' id='line_1_14' title="bbox 47 1436 1222 1520; baseline 0 -20"><span class='ocrx_word' id='word_1_110' title='bbox 47 1461 136 1516; x_wconf 88' lang='lat' dir='ltr'>quam</span> <span class='ocrx_word' id='word_1_111' title='bbox 165 1444 246 1518; x_wconf 85' lang='lat' dir='ltr'>quod</span> <span class='ocrx_word' id='word_1_112' title='bbox 273 1442 304 1501; x_wconf 81' lang='lat' dir='ltr'>O.</span> <span class='ocrx_word' id='word_1_113' title='bbox 330 1441 363 1503; x_wconf 90' lang='grc' dir='ltr'>Ο.</span> <span class='ocrx_word' id='word_1_114' title='bbox 384 1444 494 1501; x_wconf 77' lang='lat' dir='ltr'>Muller</span> <span class='ocrx_word' id='word_1_115' title='bbox 522 1442 610 1502; x_wconf 81' lang='lat' dir='ltr'>Saliis</span> <span class='ocrx_word' id='word_1_116' title='bbox 640 1442 722 1501; x_wconf 89' lang='lat' dir='ltr'>dedit</span> <span class='ocrx_word' id='word_1_117' title='bbox 746 1436 932 1520; x_wconf 77' lang='lat' dir='ltr'>‘plotsumu&#39;,</span> <span class='ocrx_word' id='word_1_118' title='bbox 963 1462 1030 1500; x_wconf 92' lang='lat' dir='ltr'>cum</span> <span class='ocrx_word' id='word_1_119' title='bbox 1062 1445 1112 1501; x_wconf 73' lang='lat' dir='ltr'>-ei</span> <span class='ocrx_word' id='word_1_120' title='bbox 1140 1462 1222 1500; x_wconf 89' lang='lat' dir='ltr'>more</span> 
     </span>
     <span class='ocr_line' id='line_1_15' title="bbox 46 1531 1223 1607; baseline 0.003 -20"><span class='ocrx_word' id='word_1_121' title='bbox 46 1532 133 1590; x_wconf 90' lang='lat' dir='ltr'>solito</span> <span class='ocrx_word' id='word_1_122' title='bbox 154 1551 209 1607; x_wconf 88' lang='lat' dir='ltr'>per</span> <span class='ocrx_word' id='word_1_123' title='bbox 227 1535 265 1591; x_wconf 82' lang='lat' dir='ltr'>-c&#39;-</span> <span class='ocrx_word' id='word_1_124' title='bbox 283 1532 433 1591; x_wconf 89' lang='lat' dir='ltr'>redditum</span> <span class='ocrx_word' id='word_1_125' title='bbox 449 1550 514 1592; x_wconf 84' lang='lat' dir='ltr'>esse</span> <span class='ocrx_word' id='word_1_126' title='bbox 528 1531 565 1590; x_wconf 87' lang='lat' dir='ltr'>ab</span> <span class='ocrx_word' id='word_1_127' title='bbox 576 1532 683 1590; x_wconf 90' lang='lat' dir='ltr'>Verrio</span> <span class='ocrx_word' id='word_1_128' title='bbox 697 1552 757 1591; x_wconf 90' lang='lat' dir='ltr'>non</span> <span class='ocrx_word' id='word_1_129' title='bbox 777 1533 816 1590; x_wconf 85' lang='lat' dir='ltr'>sit</span> <span class='ocrx_word' id='word_1_130' title='bbox 835 1533 914 1607; x_wconf 91' lang='lat' dir='ltr'>quod</span> <span class='ocrx_word' id='word_1_131' title='bbox 934 1532 1084 1604; x_wconf 88' lang='lat' dir='ltr'>miremur,</span> <span class='ocrx_word' id='word_1_132' title='bbox 1104 1533 1149 1589; x_wconf 87' lang='lat' dir='ltr'>sin</span> <span class='ocrx_word' id='word_1_133' title='bbox 1170 1535 1223 1590; x_wconf 79' lang='lat' dir='ltr'>-ei-</span> 
     </span>
     <span class='ocr_line' id='line_1_16' title="bbox 45 1620 1050 1697; baseline 0.003 -22"><span class='ocrx_word' id='word_1_134' title='bbox 45 1620 164 1697; x_wconf 83' lang='lat' dir='ltr'>fuisset,</span> <span class='ocrx_word' id='word_1_135' title='bbox 183 1639 241 1680; x_wconf 84' lang='lat' dir='ltr'>vox</span> <span class='ocrx_word' id='word_1_136' title='bbox 260 1626 291 1680; x_wconf 89' lang='lat' dir='ltr'>et</span> <span class='ocrx_word' id='word_1_137' title='bbox 309 1620 441 1680; x_wconf 85' lang='lat' dir='ltr'>Varroni</span> <span class='ocrx_word' id='word_1_138' title='bbox 460 1624 490 1679; x_wconf 91' lang='lat' dir='ltr'>et</span> <span class='ocrx_word' id='word_1_139' title='bbox 509 1621 616 1679; x_wconf 84' lang='lat' dir='ltr'>Verrio</span> <span class='ocrx_word' id='word_1_140' title='bbox 636 1621 792 1689; x_wconf 82' lang='lat' dir='ltr'>scribenda</span> <span class='ocrx_word' id='word_1_141' title='bbox 811 1621 920 1680; x_wconf 84' lang='lat' dir='ltr'>suisset</span> <span class='ocrx_word' id='word_1_142' title='bbox 938 1640 992 1697; x_wconf 91' lang='lat' dir='ltr'>per</span> <span class='ocrx_word' id='word_1_143' title='bbox 1011 1639 1050 1678; x_wconf 87' lang='lat' dir='ltr'>oe.</span> 
     </span>
    </p>
   </div>
   <div class='ocr_carea' id='block_1_4' title="bbox 134 1755 445 1824">
    <p class='ocr_par' dir='ltr' id='par_1_4' title="bbox 134 1755 445 1824">
     <span class='ocr_line' id='line_1_17' title="bbox 134 1755 445 1824; baseline -0.003 -1"><span class='ocrx_word' id='word_1_144' title='bbox 134 1755 213 1824; x_wconf 68' lang='lat'><strong>27³¹.</strong></span> <span class='ocrx_word' id='word_1_145' title='bbox 251 1764 445 1823; x_wconf 89' lang='lat' dir='ltr'>Meliosem</span> 
     </span>
    </p>
   </div>
   <div class='ocr_carea' id='block_1_5' title="bbox 48 1860 1222 2131">
    <p class='ocr_par' dir='ltr' id='par_1_5' title="bbox 48 1860 1220 2002">
     <span class='ocr_line' id='line_1_18' title="bbox 137 1860 1220 1930; baseline -0.002 -13"><span class='ocrx_word' id='word_1_146' title='bbox 137 1863 336 1917; x_wconf 84' lang='lat' dir='ltr'>Testimon:</span> <span class='ocrx_word' id='word_1_147' title='bbox 362 1861 451 1915; x_wconf 87' lang='lat' dir='ltr'>Varro</span> <span class='ocrx_word' id='word_1_148' title='bbox 470 1861 505 1924; x_wconf 75' lang='lat' dir='ltr'>&lt;ie</span> <span class='ocrx_word' id='word_1_149' title='bbox 524 1861 654 1929; x_wconf 82' lang='lat' dir='ltr'>ling.t</span> <span class='ocrx_word' id='word_1_150' title='bbox 613 1860 661 1916; x_wconf 88' lang='lat' dir='ltr'>lat.</span> <span class='ocrx_word' id='word_1_151' title='bbox 678 1860 778 1914; x_wconf 78' lang='lat' dir='ltr'>Vuae</span> <span class='ocrx_word' id='word_1_152' title='bbox 799 1865 834 1930; x_wconf 85' lang='lat' dir='ltr'>(v.</span> <span class='ocrx_word' id='word_1_153' title='bbox 851 1865 897 1929; x_wconf 77' lang='lat' dir='ltr'>az)</span> <span class='ocrx_word' id='word_1_154' title='bbox 924 1861 1099 1928; x_wconf 86' lang='lat' dir='ltr'>‘‚meliosem</span> <span class='ocrx_word' id='word_1_155' title='bbox 1125 1861 1220 1915; x_wconf 89' lang='lat' dir='ltr'>melio-</span> 
     </span>
     <span class='ocr_line' id='line_1_19' title="bbox 48 1903 1169 2002; baseline 0.001 -17"><span class='ocrx_word' id='word_1_156' title='bbox 48 1934 124 1987; x_wconf 61' lang='lat' dir='ltr'>rem!</span> <span class='ocrx_word' id='word_1_157' title='bbox 161 1934 239 1988; x_wconf 83' lang='lat' dir='ltr'>Paul.</span> <span class='ocrx_word' id='word_1_158' title='bbox 261 1933 339 1987; x_wconf 82' lang='lat' dir='ltr'>Diae</span> <span class='ocrx_word' id='word_1_159' title='bbox 361 1932 497 2002; x_wconf 76' lang='lat' dir='ltr'>eFestp</span> <span class='ocrx_word' id='word_1_160' title='bbox 500 1937 553 1988; x_wconf 85' lang='grc'><strong>87</strong></span> <span class='ocrx_word' id='word_1_161' title='bbox 569 1935 656 2002; x_wconf 78' lang='lat'>(122)</span> <span class='ocrx_word' id='word_1_162' title='bbox 678 1933 833 1986; x_wconf 82' lang='lat' dir='ltr'>‘meliosem</span> <span class='ocrx_word' id='word_1_163' title='bbox 851 1932 996 1986; x_wconf 90' lang='lat' dir='ltr'>meliorem</span> <span class='ocrx_word' id='word_1_164' title='bbox 1016 1903 1169 1987; x_wconf 57' lang='lat' dir='ltr'>diceb’ant)</span> 
     </span>
    </p>

    <p class='ocr_par' dir='ltr' id='par_1_6' title="bbox 52 1953 1222 2131">
     <span class='ocr_line' id='line_1_20' title="bbox 133 1953 1222 2072; baseline 0 -14"><span class='ocrx_word' id='word_1_165' title='bbox 133 2003 211 2060; x_wconf 84' lang='lat' dir='ltr'>Ver</span> <span class='ocrx_word' id='word_1_166' title='bbox 234 2004 325 2059; x_wconf 81' lang='lat' dir='ltr'>lect:</span> <span class='ocrx_word' id='word_1_167' title='bbox 355 2004 473 2058; x_wconf 88' lang='lat' dir='ltr'>meltom</span> <span class='ocrx_word' id='word_1_168' title='bbox 479 1953 573 2059; x_wconf 82' lang='lat' dir='ltr'>pcodd</span> <span class='ocrx_word' id='word_1_169' title='bbox 596 2005 695 2072; x_wconf 81' lang='lat' dir='ltr'>Pauli,</span> <span class='ocrx_word' id='word_1_170' title='bbox 716 2003 830 2058; x_wconf 88' lang='lat' dir='ltr'>meliom</span> <span class='ocrx_word' id='word_1_171' title='bbox 856 2005 994 2072; x_wconf 77' lang='lat' dir='ltr'>Scaliper,</span> <span class='ocrx_word' id='word_1_172' title='bbox 1020 2005 1165 2058; x_wconf 78' lang='lat' dir='ltr'>meliorem</span> <span class='ocrx_word' id='word_1_173' title='bbox 1188 2021 1222 2058; x_wconf 77' lang='lat' dir='ltr'>err</span> 
     </span>
     <span class='ocr_line' id='line_1_21' title="bbox 52 2074 496 2131; baseline 0.005 -4"><span class='ocrx_word' id='word_1_174' title='bbox 52 2074 204 2130; x_wconf 79' lang='lat' dir='ltr'>Varrone</span> <span class='ocrx_word' id='word_1_175' title='bbox 193 2093 254 2131; x_wconf 78' lang='lat' dir='ltr'>rure</span> <span class='ocrx_word' id='word_1_176' title='bbox 272 2093 341 2131; x_wconf 86' lang='lat' dir='ltr'>corr.</span> <span class='ocrx_word' id='word_1_177' title='bbox 362 2077 496 2131; x_wconf 77' lang='lat' dir='ltr'>Thewrek.</span> 
     </span>
    </p>
   </div>
   <div class='ocr_carea' id='block_1_6' title="bbox 135 2200 459 2283">
    <p class='ocr_par' dir='ltr' id='par_1_7' title="bbox 135 2200 459 2283">
     <span class='ocr_line' id='line_1_22' title="bbox 135 2200 459 2283; baseline 0.003 -18"><span class='ocrx_word' id='word_1_178' title='bbox 135 2200 194 2268; x_wconf 78' lang='lat'>28.</span> <span class='ocrx_word' id='word_1_179' title='bbox 232 2208 459 2283; x_wconf 89' lang='lat' dir='ltr'>Praeceptat.</span> 
     </span>
    </p>
   </div>
   <div class='ocr_carea' id='block_1_7' title="bbox 48 2304 1220 2447">
    <p class='ocr_par' dir='ltr' id='par_1_8' title="bbox 48 2304 1220 2447">
     <span class='ocr_line' id='line_1_23' title="bbox 135 2304 1220 2376; baseline 0 -16"><span class='ocrx_word' id='word_1_180' title='bbox 135 2307 338 2360; x_wconf 85' lang='lat' dir='ltr'>Testimon:</span> <span class='ocrx_word' id='word_1_181' title='bbox 365 2307 463 2360; x_wconf 79' lang='lat' dir='ltr'>Festus</span> <span class='ocrx_word' id='word_1_182' title='bbox 482 2325 509 2376; x_wconf 90' lang='lat' dir='ltr'>p.</span> <span class='ocrx_word' id='word_1_183' title='bbox 525 2311 577 2359; x_wconf 77' lang='lat'>244</span> <span class='ocrx_word' id='word_1_184' title='bbox 592 2307 679 2374; x_wconf 78' lang='lat'>(205):</span> <span class='ocrx_word' id='word_1_185' title='bbox 711 2305 895 2374; x_wconf 83' lang='lat' dir='ltr'>‘Praeceptat</span> <span class='ocrx_word' id='word_1_186' title='bbox 918 2304 947 2358; x_wconf 92' lang='lat' dir='ltr'>in</span> <span class='ocrx_word' id='word_1_187' title='bbox 971 2305 1072 2360; x_wconf 86' lang='lat' dir='ltr'>Saliari</span> <span class='ocrx_word' id='word_1_188' title='bbox 1096 2309 1220 2360; x_wconf 77' lang='lat' dir='ltr'>carmine</span> 
     </span>
     <span class='ocr_line' id='line_1_24' title="bbox 48 2377 369 2447; baseline 0.009 -20"><span class='ocrx_word' id='word_1_189' title='bbox 48 2379 87 2429; x_wconf 83' lang='lat' dir='ltr'>eet</span> <span class='ocrx_word' id='word_1_190' title='bbox 105 2395 192 2447; x_wconf 85' lang='lat' dir='ltr'>saepe</span> <span class='ocrx_word' id='word_1_191' title='bbox 210 2377 369 2447; x_wconf 82' lang='lat' dir='ltr'>praecipit.²</span> 
     </span>
    </p>
   </div>
   <div class='ocr_carea' id='block_1_8' title="bbox 133 2504 496 2571">
    <p class='ocr_par' dir='ltr' id='par_1_9' title="bbox 133 2504 496 2571">
     <span class='ocr_line' id='line_1_25' title="bbox 133 2504 496 2571; baseline -0.003 -2"><span class='ocrx_word' id='word_1_192' title='bbox 133 2504 193 2571; x_wconf 75' lang='lat'>29.</span> <span class='ocrx_word' id='word_1_193' title='bbox 230 2512 496 2570; x_wconf 88' lang='lat' dir='ltr'>Promenervat.</span> 
     </span>
    </p>
   </div>
   <div class='ocr_carea' id='block_1_9' title="bbox 48 2596 1221 2750">
    <p class='ocr_par' dir='ltr' id='par_1_10' title="bbox 48 2596 1221 2750">
     <span class='ocr_line' id='line_1_26' title="bbox 133 2596 1221 2679; baseline -0.002 -17"><span class='ocrx_word' id='word_1_194' title='bbox 133 2609 335 2664; x_wconf 81' lang='lat' dir='ltr'>Testimon:</span> <span class='ocrx_word' id='word_1_195' title='bbox 361 2608 460 2662; x_wconf 82' lang='lat' dir='ltr'>Festus</span> <span class='ocrx_word' id='word_1_196' title='bbox 484 2627 512 2677; x_wconf 86' lang='lat' dir='ltr'>p.</span> <span class='ocrx_word' id='word_1_197' title='bbox 532 2596 587 2662; x_wconf 61' lang='grc'>244</span> <span class='ocrx_word' id='word_1_198' title='bbox 600 2609 674 2676; x_wconf 76' lang='lat'>(205)</span> <span class='ocrx_word' id='word_1_199' title='bbox 699 2607 745 2678; x_wconf 83' lang='lat' dir='ltr'>[cf.</span> <span class='ocrx_word' id='word_1_200' title='bbox 769 2609 805 2675; x_wconf 74' lang='lat' dir='ltr'>fr.</span> <span class='ocrx_word' id='word_1_201' title='bbox 821 2609 887 2679; x_wconf 77' lang='lat'><strong><em>28]:</em></strong></span> <span class='ocrx_word' id='word_1_202' title='bbox 917 2609 1130 2678; x_wconf 76' lang='lat' dir='ltr'>‘promeneruat</span> <span class='ocrx_word' id='word_1_203' title='bbox 1152 2609 1221 2662; x_wconf 88' lang='lat' dir='ltr'>item</span> 
     </span>
     <span class='ocr_line' id='line_1_27' title="bbox 48 2681 1183 2750; baseline 0.004 -20"><span class='ocrx_word' id='word_1_204' title='bbox 48 2697 94 2746; x_wconf 88' lang='lat' dir='ltr'>pro</span> <span class='ocrx_word' id='word_1_205' title='bbox 113 2681 233 2749; x_wconf 87' lang='lat' dir='ltr'>monet’‚</span> <span class='ocrx_word' id='word_1_206' title='bbox 253 2682 287 2735; x_wconf 88' lang='lat' dir='ltr'>cf.</span> <span class='ocrx_word' id='word_1_207' title='bbox 307 2681 386 2735; x_wconf 87' lang='lat' dir='ltr'>Paul.</span> <span class='ocrx_word' id='word_1_208' title='bbox 405 2700 431 2750; x_wconf 90' lang='lat' dir='ltr'>p.</span> <span class='ocrx_word' id='word_1_209' title='bbox 448 2687 482 2734; x_wconf 87' lang='lat'>88</span> <span class='ocrx_word' id='word_1_210' title='bbox 498 2685 583 2750; x_wconf 79' lang='lat'>(123):</span> <span class='ocrx_word' id='word_1_211' title='bbox 605 2681 743 2734; x_wconf 83' lang='lat' dir='ltr'>‘Minerva</span> <span class='ocrx_word' id='word_1_212' title='bbox 761 2681 846 2748; x_wconf 86' lang='lat' dir='ltr'>dicta,</span> <span class='ocrx_word' id='word_1_213' title='bbox 866 2682 940 2748; x_wconf 91' lang='lat' dir='ltr'>quod</span> <span class='ocrx_word' id='word_1_214' title='bbox 960 2682 1031 2734; x_wconf 91' lang='lat' dir='ltr'>bene</span> <span class='ocrx_word' id='word_1_215' title='bbox 1051 2681 1183 2735; x_wconf 62' lang='lat' dir='ltr'>moneat!</span> 
     </span>
    </p>
   </div>
   <div class='ocr_carea' id='block_1_10' title="bbox 134 2807 500 2888">
    <p class='ocr_par' dir='ltr' id='par_1_11' title="bbox 134 2807 500 2888">
     <span class='ocr_line' id='line_1_28' title="bbox 134 2807 500 2888; baseline -0.003 -15"><span class='ocrx_word' id='word_1_216' title='bbox 134 2807 212 2875; x_wconf 65' lang='lat'><strong>30³³.</strong></span> <span class='ocrx_word' id='word_1_217' title='bbox 250 2813 500 2888; x_wconf 88' lang='lat' dir='ltr'>Praepotiont.</span> 
     </span>
    </p>
   </div>
   <div class='ocr_carea' id='block_1_11' title="bbox 134 2911 1094 3052">
    <p class='ocr_par' dir='ltr' id='par_1_12' title="bbox 134 2911 1094 3052">
     <span class='ocr_line' id='line_1_29' title="bbox 135 2911 944 2980; baseline -0.001 -16"><span class='ocrx_word' id='word_1_218' title='bbox 135 2911 335 2965; x_wconf 81' lang='lat' dir='ltr'>Testimon:</span> <span class='ocrx_word' id='word_1_219' title='bbox 354 2911 427 2964; x_wconf 82' lang='lat' dir='ltr'>Fest.</span> <span class='ocrx_word' id='word_1_220' title='bbox 447 2911 465 2964; x_wconf 93' lang='lat' dir='ltr'>l.</span> <span class='ocrx_word' id='word_1_221' title='bbox 485 2911 516 2965; x_wconf 90' lang='lat' dir='ltr'>l.:</span> <span class='ocrx_word' id='word_1_222' title='bbox 537 2911 737 2980; x_wconf 69' lang='lat' dir='ltr'>‘praepotiont</span> <span class='ocrx_word' id='word_1_223' title='bbox 756 2911 944 2980; x_wconf 87' lang='lat' dir='ltr'>praeoptant’</span> 
     </span>
     <span class='ocr_line' id='line_1_30' title="bbox 134 2981 1094 3052; baseline 0 -16"><span class='ocrx_word' id='word_1_224' title='bbox 134 2983 208 3038; x_wconf 83' lang='lat' dir='ltr'>Ver.</span> <span class='ocrx_word' id='word_1_225' title='bbox 227 2981 321 3036; x_wconf 84' lang='lat' dir='ltr'>lect:</span> <span class='ocrx_word' id='word_1_226' title='bbox 349 2981 529 3052; x_wconf 85' lang='lat' dir='ltr'>praedotiont</span> <span class='ocrx_word' id='word_1_227' title='bbox 547 2982 584 3050; x_wconf 81' lang='lat' dir='ltr'>I&#39;,</span> <span class='ocrx_word' id='word_1_228' title='bbox 603 2983 786 3051; x_wconf 88' lang='lat' dir='ltr'>praedopiont</span> <span class='ocrx_word' id='word_1_229' title='bbox 807 2983 959 3049; x_wconf 81' lang='lat' dir='ltr'>Mecrsr&#39;ce,</span> <span class='ocrx_word' id='word_1_230' title='bbox 978 2983 1094 3037; x_wconf 75' lang='lat' dir='ltr'>correct.</span> 
     </span>
    </p>
   </div>
   <div class='ocr_carea' id='block_1_12' title="bbox 6 3078 1221 3656">
    <p class='ocr_par' dir='ltr' id='par_1_13' title="bbox 6 3078 1221 3442">
     <span class='ocr_line' id='line_1_31' title="bbox 6 3078 1220 3155; baseline -0.002 -17"><span class='ocrx_word' id='word_1_231' title='bbox 6 3147 7 3152; x_wconf 8' lang='grc' dir='ltr'>η</span> <span class='ocrx_word' id='word_1_232' title='bbox 134 3078 328 3138; x_wconf 75' lang='lat' dir='ltr'>Commeat.</span> <span class='ocrx_word' id='word_1_233' title='bbox 370 3080 558 3139; x_wconf 77' lang='lat' dir='ltr'>Praedotiorrt</span> <span class='ocrx_word' id='word_1_234' title='bbox 590 3081 763 3155; x_wconf 82' lang='lat' dir='ltr'>corruptum</span> <span class='ocrx_word' id='word_1_235' title='bbox 795 3098 861 3138; x_wconf 87' lang='lat' dir='ltr'>esse</span> <span class='ocrx_word' id='word_1_236' title='bbox 893 3082 1023 3150; x_wconf 82' lang='lat' dir='ltr'>constat,</span> <span class='ocrx_word' id='word_1_237' title='bbox 1056 3080 1108 3137; x_wconf 87' lang='lat' dir='ltr'>sed</span> <span class='ocrx_word' id='word_1_238' title='bbox 1141 3079 1220 3154; x_wconf 90' lang='lat' dir='ltr'>quod</span> 
     </span>
     <span class='ocr_line' id='line_1_32' title="bbox 6 3157 1221 3245; baseline 0.002 -21"><span class='ocrx_word' id='word_1_239' title='bbox 6 3157 8 3172; x_wconf 51' lang='lat'>¹</span> <span class='ocrx_word' id='word_1_240' title='bbox 50 3170 136 3244; x_wconf 87' lang='lat' dir='ltr'>vulgo</span> <span class='ocrx_word' id='word_1_241' title='bbox 165 3168 308 3227; x_wconf 73' lang='lat' dir='ltr'>scribitur</span> <span class='ocrx_word' id='word_1_242' title='bbox 336 3171 528 3242; x_wconf 71' lang='lat' dir='ltr'>praeceptore</span> <span class='ocrx_word' id='word_1_243' title='bbox 555 3169 645 3228; x_wconf 87' lang='lat' dir='ltr'>etiarn</span> <span class='ocrx_word' id='word_1_244' title='bbox 679 3168 784 3228; x_wconf 87' lang='lat' dir='ltr'>falsius</span> <span class='ocrx_word' id='word_1_245' title='bbox 817 3172 876 3244; x_wconf 81' lang='lat' dir='ltr'>est3</span> <span class='ocrx_word' id='word_1_246' title='bbox 912 3187 1009 3245; x_wconf 90' lang='lat' dir='ltr'>neque</span> <span class='ocrx_word' id='word_1_247' title='bbox 1041 3168 1121 3226; x_wconf 90' lang='lat' dir='ltr'>enim</span> <span class='ocrx_word' id='word_1_248' title='bbox 1147 3186 1221 3241; x_wconf 82' lang='lat' dir='ltr'>prce</span> 
     </span>
     <span class='ocr_line' id='line_1_33' title="bbox 7 3248 1219 3338; baseline 0.002 -25"><span class='ocrx_word' id='word_1_249' title='bbox 7 3289 8 3296; x_wconf 33' lang='grc' dir='ltr'>ι</span> <span class='ocrx_word' id='word_1_250' title='bbox 48 3257 226 3333; x_wconf 83' lang='lat' dir='ltr'>praepositio</span> <span class='ocrx_word' id='word_1_251' title='bbox 255 3257 344 3316; x_wconf 88' lang='lat' dir='ltr'>finale</span> <span class='ocrx_word' id='word_1_252' title='bbox 372 3260 392 3316; x_wconf 75' lang='lat' dir='ltr'>rt</span> <span class='ocrx_word' id='word_1_253' title='bbox 418 3259 525 3316; x_wconf 88' lang='lat' dir='ltr'>habuit</span> <span class='ocrx_word' id='word_1_254' title='bbox 553 3249 603 3335; x_wconf 85' lang='lat' dir='ltr'>(ef.</span> <span class='ocrx_word' id='word_1_255' title='bbox 623 3257 799 3316; x_wconf 89' lang='lat' dir='ltr'>Buecheleri</span> <span class='ocrx_word' id='word_1_256' title='bbox 824 3259 932 3316; x_wconf 75' lang='lat' dir='ltr'>lexicon</span> <span class='ocrx_word' id='word_1_257' title='bbox 950 3259 1140 3330; x_wconf 79' lang='lat' dir='ltr'>Italiccmp.</span> <span class='ocrx_word' id='word_1_258' title='bbox 1160 3248 1219 3338; x_wconf 79' lang='lat'>22)</span> 
     </span>
     <span class='ocr_line' id='line_1_34' title="bbox 6 3329 1220 3442; baseline 0.003 -42"><span class='ocrx_word' id='word_1_259' title='bbox 6 3329 8 3442; x_wconf 55' lang='lat' dir='ltr'>i</span> <span class='ocrx_word' id='word_1_260' title='bbox 48 3363 138 3421; x_wconf 90' lang='lat' dir='ltr'>neque</span> <span class='ocrx_word' id='word_1_261' title='bbox 164 3339 292 3420; x_wconf 76' lang='lat' dir='ltr'>opioot&#39;</span> <span class='ocrx_word' id='word_1_262' title='bbox 317 3367 371 3421; x_wconf 90' lang='lat' dir='ltr'>pro</span> <span class='ocrx_word' id='word_1_263' title='bbox 396 3350 502 3422; x_wconf 86' lang='lat' dir='ltr'>optant</span> <span class='ocrx_word' id='word_1_264' title='bbox 524 3365 667 3424; x_wconf 82' lang='lat' dir='ltr'>umquam</span> <span class='ocrx_word' id='word_1_265' title='bbox 692 3349 745 3404; x_wconf 85' lang='lat' dir='ltr'>aut</span> <span class='ocrx_word' id='word_1_266' title='bbox 768 3346 827 3404; x_wconf 90' lang='lat' dir='ltr'>fuit</span> <span class='ocrx_word' id='word_1_267' title='bbox 847 3349 900 3404; x_wconf 83' lang='lat' dir='ltr'>aut</span> <span class='ocrx_word' id='word_1_268' title='bbox 887 3346 1136 3405; x_wconf 86' lang='lat' dir='ltr'>ttsecundurn</span> <span class='ocrx_word' id='word_1_269' title='bbox 1106 3350 1220 3422; x_wconf 87' lang='lat' dir='ltr'>et-ymo</span> 
     </span>
    </p>

    <p class='ocr_par' dir='ltr' id='par_1_14' title="bbox 6 3432 1219 3656">
     <span class='ocr_line' id='line_1_35' title="bbox 6 3432 1219 3513; baseline 0.003 -24.11"><span class='ocrx_word' id='word_1_270' title='bbox 6 3432 155 3510; x_wconf 86' lang='lat' dir='ltr'>logiam</span> <span class='ocrx_word' id='word_1_271' title='bbox 180 3455 246 3495; x_wconf 86' lang='lat' dir='ltr'>esse</span> <span class='ocrx_word' id='word_1_272' title='bbox 269 3435 382 3512; x_wconf 82' lang='lat' dir='ltr'>potuit3</span> <span class='ocrx_word' id='word_1_273' title='bbox 404 3439 590 3511; x_wconf 78' lang='lat' dir='ltr'>proepotioret</span> <span class='ocrx_word' id='word_1_274' title='bbox 619 3435 698 3513; x_wconf 89' lang='lat' dir='ltr'>quod</span> <span class='ocrx_word' id='word_1_275' title='bbox 722 3435 833 3494; x_wconf 81' lang='lat' dir='ltr'>conieci</span> <span class='ocrx_word' id='word_1_276' title='bbox 861 3435 966 3494; x_wconf 90' lang='lat' dir='ltr'>eadem</span> <span class='ocrx_word' id='word_1_277' title='bbox 992 3455 1007 3493; x_wconf 91' lang='lat' dir='ltr'>e</span> <span class='ocrx_word' id='word_1_278' title='bbox 1034 3435 1128 3510; x_wconf 83' lang='lat' dir='ltr'>stirpe</span> <span class='ocrx_word' id='word_1_279' title='bbox 1155 3454 1219 3494; x_wconf 84' lang='lat' dir='ltr'>esse</span> 
     </span>
     <span class='ocr_line' id='line_1_36' title="bbox 6 3522 845 3656; baseline 0.002 -76"><span class='ocrx_word' id='word_1_280' title='bbox 6 3551 8 3656; x_wconf 58' lang='grc' dir='ltr'>Ι</span> <span class='ocrx_word' id='word_1_281' title='bbox 48 3522 215 3583; x_wconf 80' lang='lat' dir='ltr'>videturt</span> <span class='ocrx_word' id='word_1_282' title='bbox 184 3529 215 3584; x_wconf 81' lang='lat' dir='ltr'>at</span> <span class='ocrx_word' id='word_1_283' title='bbox 217 3544 275 3600; x_wconf 90' lang='lat' dir='ltr'>que</span> <span class='ocrx_word' id='word_1_284' title='bbox 288 3529 365 3597; x_wconf 78' lang='lat' dir='ltr'>peto,</span> <span class='ocrx_word' id='word_1_285' title='bbox 384 3528 521 3599; x_wconf 73' lang='lat' dir='ltr'>Impetus,</span> <span class='ocrx_word' id='word_1_286' title='bbox 540 3543 639 3601; x_wconf 84' lang='lat' dir='ltr'>graec.</span> <span class='ocrx_word' id='word_1_287' title='bbox 659 3522 845 3598; x_wconf 82' lang='grc' dir='ltr'>ποτνιῶμαι</span> 
     </span>
    </p>
   </div>
   <div class='ocr_carea' id='block_1_13' title="bbox 133 3659 870 3835">
    <p class='ocr_par' dir='ltr' id='par_1_15' title="bbox 133 3659 870 3835">
     <span class='ocr_line' id='line_1_37' title="bbox 133 3659 546 3742; baseline -0.005 -14"><span class='ocrx_word' id='word_1_288' title='bbox 133 3660 210 3728; x_wconf 79' lang='grc'>31*.</span> <span class='ocrx_word' id='word_1_289' title='bbox 250 3667 448 3742; x_wconf 81' lang='lat' dir='ltr'>Prospices</span> <span class='ocrx_word' id='word_1_290' title='bbox 544 3659 546 3666; x_wconf 48' lang='lat'><strong>¹</strong></span> 
     </span>
     <span class='ocr_line' id='line_1_38' title="bbox 133 3764 870 3835; baseline 0.003 -17"><span class='ocrx_word' id='word_1_291' title='bbox 133 3765 333 3820; x_wconf 81' lang='lat' dir='ltr'>Testimon:</span> <span class='ocrx_word' id='word_1_292' title='bbox 353 3765 427 3820; x_wconf 84' lang='lat' dir='ltr'>Fest.</span> <span class='ocrx_word' id='word_1_293' title='bbox 446 3765 464 3821; x_wconf 94' lang='lat' dir='ltr'>l.</span> <span class='ocrx_word' id='word_1_294' title='bbox 484 3765 516 3820; x_wconf 92' lang='lat' dir='ltr'>l.:</span> <span class='ocrx_word' id='word_1_295' title='bbox 537 3764 699 3835; x_wconf 61' lang='lat' dir='ltr'>‘prospices</span> <span class='ocrx_word' id='word_1_296' title='bbox 719 3764 870 3834; x_wconf 63' lang='lat' dir='ltr'>prospice!</span> 
     </span>
    </p>
   </div>
   <div class='ocr_carea' id='block_1_14' title="bbox 51 3855 1219 4207">
    <p class='ocr_par' dir='ltr' id='par_1_16' title="bbox 51 3855 1219 4207">
     <span class='ocr_line' id='line_1_39' title="bbox 133 3855 1217 3938; baseline -0.001 -15"><span class='ocrx_word' id='word_1_297' title='bbox 133 3863 324 3923; x_wconf 84' lang='lat' dir='ltr'>Comment.</span> <span class='ocrx_word' id='word_1_298' title='bbox 361 3863 512 3937; x_wconf 80' lang='lat' dir='ltr'>Prosptces</span> <span class='ocrx_word' id='word_1_299' title='bbox 535 3867 566 3922; x_wconf 93' lang='lat' dir='ltr'>et</span> <span class='ocrx_word' id='word_1_300' title='bbox 589 3864 668 3938; x_wconf 89' lang='lat' dir='ltr'>quod</span> <span class='ocrx_word' id='word_1_301' title='bbox 692 3863 772 3920; x_wconf 87' lang='lat' dir='ltr'>infra</span> <span class='ocrx_word' id='word_1_302' title='bbox 791 3866 837 3921; x_wconf 88' lang='lat' dir='ltr'>est</span> <span class='ocrx_word' id='word_1_303' title='bbox 855 3863 891 3922; x_wconf 85' lang='lat' dir='ltr'>fr.</span> <span class='ocrx_word' id='word_1_304' title='bbox 912 3865 952 3922; x_wconf 88' lang='lat'>33</span> <span class='ocrx_word' id='word_1_305' title='bbox 974 3855 1130 3936; x_wconf 63' lang='lat' dir='ltr'>‘pertines&#39;</span> <span class='ocrx_word' id='word_1_306' title='bbox 1151 3882 1217 3922; x_wconf 90' lang='lat' dir='ltr'>con-</span> 
     </span>
     <span class='ocr_line' id='line_1_40' title="bbox 52 3949 1219 4029; baseline 0.004 -23"><span class='ocrx_word' id='word_1_307' title='bbox 52 3949 170 4013; x_wconf 87' lang='lat' dir='ltr'>iunctivi</span> <span class='ocrx_word' id='word_1_308' title='bbox 196 3953 325 4012; x_wconf 87' lang='lat' dir='ltr'>forsitan</span> <span class='ocrx_word' id='word_1_309' title='bbox 353 3953 413 4011; x_wconf 91' lang='lat' dir='ltr'>sint</span> <span class='ocrx_word' id='word_1_310' title='bbox 442 3953 604 4012; x_wconf 87' lang='lat' dir='ltr'>secundum</span> <span class='ocrx_word' id='word_1_311' title='bbox 637 3953 766 4028; x_wconf 88' lang='lat' dir='ltr'>primam</span> <span class='ocrx_word' id='word_1_312' title='bbox 795 3972 884 4028; x_wconf 88' lang='lat' dir='ltr'>quam</span> <span class='ocrx_word' id='word_1_313' title='bbox 911 3953 1013 4010; x_wconf 88' lang='lat' dir='ltr'>dicunt</span> <span class='ocrx_word' id='word_1_314' title='bbox 1037 3953 1219 4029; x_wconf 82' lang='lat' dir='ltr'>coniugatio-</span> 
     </span>
     <span class='ocr_line' id='line_1_41' title="bbox 51 4041 1217 4117; baseline 0.003 -21"><span class='ocrx_word' id='word_1_315' title='bbox 51 4057 111 4100; x_wconf 90' lang='lat' dir='ltr'>nem</span> <span class='ocrx_word' id='word_1_316' title='bbox 131 4042 265 4112; x_wconf 84' lang='lat' dir='ltr'>formati,</span> <span class='ocrx_word' id='word_1_317' title='bbox 289 4043 376 4101; x_wconf 90' lang='lat' dir='ltr'>modo</span> <span class='ocrx_word' id='word_1_318' title='bbox 396 4043 508 4101; x_wconf 85' lang='lat' dir='ltr'>fuerint</span> <span class='ocrx_word' id='word_1_319' title='bbox 532 4043 621 4101; x_wconf 86' lang='lat' dir='ltr'>huius</span> <span class='ocrx_word' id='word_1_320' title='bbox 640 4042 858 4116; x_wconf 84' lang='lat' dir='ltr'>coniugationis</span> <span class='ocrx_word' id='word_1_321' title='bbox 878 4041 970 4101; x_wconf 86' lang='lat' dir='ltr'>verba</span> <span class='ocrx_word' id='word_1_322' title='bbox 993 4042 1162 4117; x_wconf 84' lang='lat' dir='ltr'>prospicere</span> <span class='ocrx_word' id='word_1_323' title='bbox 1183 4061 1217 4099; x_wconf 85' lang='lat' dir='ltr'>ac</span> 
     </span>
     <span class='ocr_line' id='line_1_42' title="bbox 51 4131 1216 4207; baseline 0.002 -19"><span class='ocrx_word' id='word_1_324' title='bbox 51 4132 199 4202; x_wconf 88' lang='lat' dir='ltr'>perfinare.</span> <span class='ocrx_word' id='word_1_325' title='bbox 238 4131 303 4206; x_wconf 79' lang='lat' dir='ltr'>Ego</span> <span class='ocrx_word' id='word_1_326' title='bbox 326 4131 430 4190; x_wconf 90' lang='lat' dir='ltr'>malim</span> <span class='ocrx_word' id='word_1_327' title='bbox 454 4131 591 4207; x_wconf 87' lang='lat' dir='ltr'>equidem</span> <span class='ocrx_word' id='word_1_328' title='bbox 614 4131 662 4190; x_wconf 88' lang='lat' dir='ltr'>vel</span> <span class='ocrx_word' id='word_1_329' title='bbox 685 4131 920 4206; x_wconf 86' lang='lat' dir='ltr'>utr·umque·vel</span> <span class='ocrx_word' id='word_1_330' title='bbox 947 4134 1026 4189; x_wconf 90' lang='lat' dir='ltr'>certe</span> <span class='ocrx_word' id='word_1_331' title='bbox 1052 4131 1135 4206; x_wconf 85' lang='lat' dir='ltr'>prius</span> <span class='ocrx_word' id='word_1_332' title='bbox 1162 4149 1216 4206; x_wconf 88' lang='lat' dir='ltr'>pro</span> 
     </span>
    </p>
   </div>
   <div class='ocr_carea' id='block_1_15' title="bbox 52 4257 257 4269">
    <p class='ocr_par' dir='ltr' id='par_1_17' title="bbox 52 4257 257 4269">
     <span class='ocr_line' id='line_1_43' title="bbox 52 4257 257 4269; baseline 0 -2"><span class='ocrx_word' id='word_1_333' title='bbox 52 4257 257 4269; x_wconf 27' lang='lat'>5-—</span> 
     </span>
    </p>
   </div>
   <div class='ocr_carea' id='block_1_16' title="bbox 135 4334 1086 4407">
    <p class='ocr_par' dir='ltr' id='par_1_18' title="bbox 135 4334 1086 4407">
     <span class='ocr_line' id='line_1_44' title="bbox 135 4334 1086 4407; baseline -0.001 -18"><span class='ocrx_word' id='word_1_334' title='bbox 135 4338 160 4406; x_wconf 90' lang='lat'>1)</span> <span class='ocrx_word' id='word_1_335' title='bbox 181 4335 222 4395; x_wconf 80' lang='lat' dir='ltr'>cf.</span> <span class='ocrx_word' id='word_1_336' title='bbox 241 4334 345 4391; x_wconf 70' lang='lat' dir='ltr'>Arete</span> <span class='ocrx_word' id='word_1_337' title='bbox 362 4337 383 4404; x_wconf 84' lang='lat' dir='ltr'>f.</span> <span class='ocrx_word' id='word_1_338' title='bbox 403 4337 496 4391; x_wconf 77' lang='lat' dir='ltr'>latoio.</span> <span class='ocrx_word' id='word_1_339' title='bbox 516 4335 736 4407; x_wconf 78' lang='lat' dir='ltr'>Lexikopraphr&#39;e</span> <span class='ocrx_word' id='word_1_340' title='bbox 755 4336 842 4390; x_wconf 91' lang='lat' dir='ltr'><strong><em>VIII</em></strong></span> <span class='ocrx_word' id='word_1_341' title='bbox 860 4338 960 4404; x_wconf 74' lang='lat'><em>(1892)</em></span> <span class='ocrx_word' id='word_1_342' title='bbox 976 4353 1007 4406; x_wconf 77' lang='lat' dir='ltr'>p.</span> <span class='ocrx_word' id='word_1_343' title='bbox 1022 4338 1086 4390; x_wconf 78' lang='lat'><em>291.</em></span> 
     </span>
    </p>
   </div>
   <div class='ocr_carea' id='block_1_17' title="bbox 0 0 1386 4998">
    <p class='ocr_par' dir='ltr' id='par_1_19' title="bbox 0 0 1386 4998">
     <span class='ocr_line' id='line_1_45' title="bbox 0 0 1386 4998; baseline 0 1"><span class='ocrx_word' id='word_1_344' title='bbox 0 0 1386 4998; x_wconf 95' lang='lat' dir='ltr'> </span> 
     </span>
    </p>
   </div>
  </div>
 </body>
</html>
