2762 4998
407 140 566 196 Carminum
586 139 735 197 Saliarium
753 139 897 210 reliquiae.
1174 138 1237 202 321

54 332 67 370 6
90 312 291 372 carminibus
315 311 480 370 Saliaribus
498 312 605 388 1611,
627 315 680 387 12,
702 313 751 372 15.
790 309 848 369 Sed
871 309 1003 369 carmina
1028 329 1063 368 ea
1086 311 1241 386 appellant

19 447 20 464 2
54 401 273 470 Quintilianus
292 401 350 473 16,
367 403 419 476 40,
438 400 552 460 1166166
572 401 610 459 ad
629 401 665 459 fr.
682 403 732 477 18,
752 399 873 459 Servius
893 401 930 458 ad
949 400 985 458 fr.
1003 402 1052 475 17,
1071 399 1240 458 Macrobius

55 491 89 547 ad
109 491 150 548 fr.
170 493 189 548 1
216 495 250 549 et
269 494 302 568 6,
327 490 459 549 Isidorus
482 492 547 550 loco
571 509 662 564 66616
685 491 791 566 611616,
815 489 947 548 66161166
970 489 1125 564 6611161616
1146 488 1241 546 161666

18 593 20 654 g
54 579 183 654 exponit
206 579 336 639 Verrius
360 574 420 658 (ap.
439 579 523 638 Paul.
541 579 624 638 Diae.
641 599 669 654 p.
691 571 738 660 3),
761 598 828 638 cunr
852 578 970 638 diversa
994 577 1155 636 Saliarium
1180 597 1241 636 661-

55 670 176 727 minum
192 687 319 745 genera,
338 672 504 745 aramenta,
522 687 628 728 versus
642 668 773 744 Ianulos,
792 668 941 742 Iunonios,
960 667 1120 726 Minervios
1135 667 1241 726 discer-

54 758 105 815 nit.
144 756 270 817 Contra
276 750 301 839 ¹)
321 776 440 817 carmen
458 755 1086 832 1616166661166666161666116176116616
1101 756 1242 831 16611666

54 847 114 904 11116
141 847 229 906 16616
255 866 329 923 6666
347 848 408 905 iam
427 847 612 923 enumeravi,
635 847 780 906 Horatius
799 845 974 921 6616111111,
990 847 1045 918 86,
1071 845 1119 904 661
1136 849 1242 920 666166

56 936 90 993 de
122 937 184 994 tali
219 955 253 994 re
280 955 367 996 nemo
395 935 535 1009 confidat,
565 935 631 994 dein
659 935 847 1012 grammatici
872 935 1055 1010 posteriores
1084 934 1242 992 Terentius

58 1023 198 1084 Scaurus
222 1026 262 1084 ad
280 1026 315 1084 fr.
332 1027 350 1084 6
371 1029 401 1084 et
415 1025 519 1084 Velius
533 1024 655 1102 Longus
674 1027 711 1083 ad
731 1025 768 1083 fr.
784 1027 811 1084 2.
844 1024 937 1083 Porro
958 1023 1064 1100 611666
1078 1023 1241 1098 carminum

57 1115 244 1190 fragmenta
260 1114 466 1190 inspiciemus,
486 1114 615 1173 elucebit
632 1115 697 1173 iure
716 1115 854 1173 Verrium
873 1114 1027 1188 complura
1045 1112 1177 1171 carmina
1195 1113 1242 1170 de·

59 1203 237 1280 scripsisse,
256 1203 453 1280 intelligimus
468 1203 547 1262 enim
562 1205 660 1263 varios
675 1203 755 1280 deos,
774 1220 848 1280 quos
863 1203 1041 1260 carminibus
1057 1202 1154 1260 661166
1169 1202 1241 1278 legi-

60 1311 136 1365 1666,
159 1293 261 1352 611616
279 1289 370 1352 variis
391 1293 572 1351 carminibus
591 1293 758 1368 appellatos
772 1309 851 1367 esse3
873 1292 957 1350 velut
975 1291 1041 1349 fieri
1058 1310 1118 1350 non
1135 1290 1244 1366 661611,

61 1387 91 1438 61
109 1381 149 1440 fr.
169 1383 191 1439 2
221 1400 281 1456 666
301 1380 352 1440 Sol
375 1381 557 1456 appellatur,
582 1382 633 1456 qui
656 1399 773 1440 omnem
795 1383 908 1439 terram
932 1381 1021 1438 adeat
1044 1398 1078 1438 66
1097 1398 1150 1454 616
1169 1380 1241 1438 1666

60 1470 226 1529 habendus
253 1471 307 1544 611,
340 1471 443 1530 eodem
466 1471 595 1529 carmine
619 1470 823 1530 contineretur
848 1488 882 1528 ao
904 1469 941 1528 fr.
962 1470 994 1546 6,
1023 1488 1080 1543 666
1109 1469 1246 1544 16661161

60 1557 213 1619 16661166
240 1559 259 1618 i.
280 1578 304 1618 e.
324 1559 395 1618 solis
415 1560 487 1618 deus
506 1560 669 1620 invocatur.
691 1590 729 1600 -
751 1559 848 1628 Quare
868 1560 948 1617 recte
967 1558 1099 1616 carmina
1118 1556 1246 1616 Saliaria

61 1650 95 1706 ab
121 1648 307 1708 auctoribus
330 1648 482 1707 veteribus
507 1648 693 1724 gravissimis
716 1649 871 1709 nominata
890 1665 955 1706 6666
974 1646 1123 1720 6116111116,
1147 1646 1244 1704 Varro

60 1741 163 1796 autem
190 1737 381 1813 Verriusque
410 1737 488 1813 quod
513 1741 633 1812 praeter
656 1738 732 1797 hano
755 1738 838 1796 tituli
854 1737 987 1818 ¹formam
1012 1736 1102 1794 etiam
1126 1754 1245 1794 carmen

63 1825 181 1886 Saliare
207 1827 347 1902 laudent,
371 1825 440 1884 inde
464 1827 672 1902 explicandum
695 1843 774 1904 esse,
797 1826 876 1902 quod
900 1825 1064 1884 carminum
1085 1824 1246 1884 Saliarium

65 1915 235 1976 editionem
260 1915 390 1991 legerint
412 1934 471 1974 uno
496 1916 573 1975 libro
592 1919 761 1975 contentam
781 1919 812 1974 61
830 1915 916 1990 quasi
935 1934 993 1973 uno
1011 1917 1151 1994 contextu
1169 1932 1247 1973 oom-

63 2004 209 2082 positam,
228 2023 288 2063 non
308 2003 427 2081 singula
445 2005 577 2063 carmina
596 2024 614 2063 a
633 2005 839 2064 sacerdotibus
857 2005 907 2064 161
926 2023 942 2062 6
961 2004 1046 2062 libris
1062 2003 1153 2062 sacris
1171 2003 1247 2079 peti-

62 2093 175 2152 verint.

155 2181 302 2240 Oarmina
325 2201 343 2240 a
362 2182 451 2241 Saliis
476 2182 680 2242 sacerdotibus
703 2183 734 2240 in
754 2182 847 2242 sacris
865 2181 1010 2240 faciendis
1029 2179 1170 2259 6166616
1189 2182 1246 2239 661-

63 2269 158 2328 lemni
178 2271 234 2330 illo
253 2271 367 2330 saltatu
386 2273 509 2330 cantata
527 2271 565 2330 ad
583 2291 631 2330 res
650 2271 766 2332 divinas
787 2289 946 2348 sacrasque
964 2271 1115 2345 pertinere
1133 2270 1246 2330 111661

65 2360 146 2433 quod
177 2377 318 2420 moneam
347 2359 616 2434 comprobaturque
641 2361 757 2418 collatis
782 2361 948 2418 carminum
970 2359 1147 2436 fragmentis
1171 2377 1247 2434 quae

65 2451 204 2508 aetatem
223 2451 374 2525 tulerunt3
392 2467 521 2523 namque
535 2467 551 2506 e
565 2447 753 2523 longioribus
768 2448 888 2523 quidem
904 2449 1081 2524 fragmentis
1096 2449 1246 2526 cognosci-

66 2555 150 2610 mus,
177 2540 315 2596 constare
334 2538 467 2597 carmina
486 2556 521 2596 61
540 2537 662 2596 deorum
681 2537 919 2596 invocationibus
938 2538 1248 2614 appellationibusque

68 2629 97 2684 61
125 2625 281 2702 precibus.
319 2626 505 2706 Quamquam
533 2627 712 2702 comparatis
741 2627 920 2702 scriptorum
951 2627 1137 2702 quorundam
1164 2627 1247 2700 locis,

67 2716 181 2788 quibus
200 2715 304 2773 fabula
321 2717 374 2774 illa
392 2715 517 2791 antiqua
540 2716 576 2774 de
596 2717 753 2776 Mamurio.
766 2717 907 2775 ancilium
925 2716 1012 2775 fabro
1036 2716 1173 2791 exposita
1191 2719 1246 2793 est,

68 2819 135 2861 cum
154 2804 322 2864 carminum
335 2804 504 2881 fragmento
519 2806 549 2882 8,
566 2804 618 2863 ubi
629 2805 795 2864 Mamurius
805 2805 948 2864 Veturius
965 2805 1084 2864 nomine
1098 2805 1248 2880 laudatur,

68 2893 171 2964 possis
197 2897 367 2968 autumare,
393 2894 470 2952 hanc
497 2893 668 2971 similesque
690 2895 810 2953 fabulas
837 2912 937 2953 sacras
961 2894 999 2952 ad
1027 2893 1176 2952 Saliorum
1199 2912 1247 2951 166

18 2999 20 3002 ·
70 2980 189 3041 divinas
211 2983 396 3059 pertinentes
420 2986 576 3042 enarratas
596 3001 661 3042 6666
683 2983 865 3042 carminibus
884 2982 1105 3059 contulerisque
1124 2982 1248 3041 Homeri

69 3070 119 3144 qui
134 3072 278 3130 dicuntur
292 3072 417 3148 hymnos
431 3072 567 3151 maiores,
581 3071 690 3148 quibus
705 3065 785 3145 ἱεροὶ
800 3067 892 3144 λόγοι
907 3072 1031 3130 deorum
1040 3071 1156 3130 narrati
1166 3075 1247 3130 6661.

72 3157 187 3219 Tamen
210 3179 226 3220 e
245 3159 389 3221 Varronis
413 3162 512 3221 verbis
536 3162 574 3220 ad
596 3161 669 3221 fr.8
695 3161 795 3220 allatis
818 3161 952 3236 sequitur
972 3161 1046 3220 nihil
1065 3161 1095 3219 in
1116 3161 1246 3219 carmine

70 3247 238 3310 Varronem
257 3251 381 3328 legisse,
404 3251 462 3309 uisi
480 3251 547 3326 ipsa
565 3252 656 3309 verba
676 3244 821 3308 ‘Mamuri
840 3243 975 3323 Veturi’,
999 3268 1096 3327 neque
1122 3252 1201 3309 enim
1222 3250 1247 3307 si

72 3337 161 3408 plura
183 3339 368 3415 repperisset
386 3339 566 3398 Mamurium
588 3357 643 3414 pro
667 3333 785 3399 ‘vetere
808 3333 967 3398 memoria'
986 3339 1179 3415 interpretari
1197 3357 1249 3414 po-

74 3427 194 3504 tuisset,
217 3427 319 3504 itaque
343 3428 541 3505 intelligimus
560 3431 656 3488 totam
675 3429 752 3487 hanc
770 3428 905 3487 fabulam
923 3429 960 3487 de
979 3429 1125 3488 ancilibus
1145 3448 1163 3487 a
1183 3428 1245 3486 Ma-

73 3517 169 3577 murio
192 3517 280 3576 factis
303 3521 410 3594 postea
432 3518 470 3577 ab
493 3518 665 3595 aetiologia,
691 3517 742 3593 qui
766 3537 867 3577 veram
891 3517 1018 3577 nominis
1042 3537 1163 3578 causam
1188 3536 1248 3576 non

74 3601 131 3662 iam
158 3609 316 3680 noverant,
343 3626 410 3665 cum
433 3607 574 3666 ancilium
598 3608 841 3684 explicandorum
866 3610 931 3666 tum
954 3607 1082 3666 nominis
1107 3607 1248 3665 Mamurii

75 3709 164 3753 causa
187 3694 288 3754 fictam
312 3714 385 3756 esse.
428 3697 532 3773 Neque
557 3700 604 3756 est
627 3697 746 3756 omnino
771 3697 941 3774 exemplum
965 3715 1024 3774 quo
1049 3695 1249 3755 demonstrari

77 3783 171 3855 possit
197 3783 369 3843 fabularum
397 3785 565 3861 aliquarum
593 3787 781 3846 narrationes
809 3785 991 3846 carminibus
1016 3785 1182 3845 Saliaribus
1206 3787 1250 3843 in-

78 3872 174 3932 161166
193 3891 268 3952 6666,
289 3873 389 3948 immo
400 3893 436 3932 ex
454 3876 510 3935 hoc
524 3875 666 3934 Mamurii
685 3875 853 3952 fragmento
868 3875 1071 3951 Varronisque
1090 3876 1127 3934 de
1146 3875 1249 3935 eodem

80 3962 227 4022 sententia
245 3964 409 4023 verisimile
427 3963 463 4023 fit
481 3969 660 4042 argumenta
679 3965 842 4023 carminum
861 3966 1063 4024 invocationes
1079 3983 1129 4023 eas
1148 3963 1249 4040 fuisse,

168 4191 194 4254 1)
211 4187 292 4242 Nihil
314 4189 351 4242 ad
371 4205 430 4244 rem
449 4187 556 4243 faciunt
575 4189 672 4244 Cicero
692 4190 726 4243 de
746 4205 784 4243 or.
800 4189 905 4242 1111ev
926 4191 955 4241 61
974 4186 1164 4253 Quintilianus
1178 4187 1190 4240 1
1206 4192 1249 4256 10,

81 4260 125 4327 10,
149 4260 198 4328 661
224 4261 331 4314 ‘versus
351 4260 502 4315 Saliorum’
528 4261 631 4326 citant;
659 4260 735 4329 quod
759 4263 788 4314 et
811 4259 846 4314 de
869 4276 924 4313 uno
948 4261 977 4313 et
1001 4260 1035 4312 de
1059 4259 1249 4329 compluribus

83 4330 246 4386 carminibus
266 4330 322 4386 dici
339 4333 442 4400 potuit.
1123 4337 1126 4342 ’

130 4431 210 4473 Jahrb.
224 4431 240 4472 f.
255 4432 323 4472 class.
337 4432 397 4471 Phil.
427 4431 507 4479 Suppl.
520 4432 562 4471 Bd.
577 4432 642 4471 XXI.
1002 4427 1034 4474 21
