2762 4998
651 1113 675 1180 l.

537 1263 791 1350 Prolegomcna.

168 1433 201 1504 l.
231 1442 281 1501 De
306 1441 418 1501 Saliis
443 1431 734 1517 sacerdotibusff)

167 1549 264 1608 Salios
292 1548 385 1608 fuisse
414 1547 573 1624 collegium
600 1546 716 1606 Latinis
743 1545 791 1604 vel
819 1545 956 1604 omnibus
980 1546 1066 1606 Italis
1095 1565 1250 1606 commune

67 1641 199 1698 constat
218 1638 487 1712 comprobaturque
503 1636 577 1696 locis
593 1636 667 1695 satis
681 1635 741 1694 iam
756 1654 774 1693 a
788 1635 992 1711 Marquardtio
1007 1635 1148 1709 collectis,
1166 1637 1252 1695 velut

63 1727 100 1784 in
128 1727 220 1785 Latio
250 1727 374 1785 fuerunt
397 1725 470 1784 Salii
492 1725 589 1784 Albae
617 1725 739 1802 longae,
768 1723 937 1801 Anagniae,
966 1724 1107 1801 Lanuvii,
1136 1724 1250 1803 Tiburi,

64 1816 213 1892 Tusculi,
231 1815 312 1874 unde
331 1834 381 1875 eos
400 1834 454 1891 per
472 1815 581 1873 civium
601 1815 803 1874 Romanorum
822 1813 1034 1873 Latinorumve
1053 1815 1183 1874 colonias
1202 1815 1251 1873 de-

65 1905 152 1964 latos
178 1909 252 1980 puto
278 1905 367 1963 etiam
387 1905 417 1962 in
438 1903 566 1962 Galliam
586 1903 774 1978 cisalpinam,
798 1903 874 1961 sieut
893 1901 1058 1978 Veronam,
1082 1903 1250 1977 Patavium,

67 1993 224 2069 Ticinum,
240 1994 312 2069 quin
325 1993 355 2051 in
371 1993 539 2068 provincias
554 1995 734 2051 transmare
749 1992 833 2065 sitas,
847 1992 931 2051 velut
942 1990 1118 2068 Saguntum.
1146 1992 1248 2052 Etiam

63 2083 155 2159 apud
171 2082 301 2141 Umbros
322 2082 456 2141 extitisse
472 2081 568 2140 Salios
587 2082 724 2158 sequitur
742 2099 758 2140 o
777 2081 883 2139 tabula
896 2080 1025 2156 Iguuina
1035 2079 1079 2138 VI
1090 2081 1117 2138 A
1130 2083 1179 2157 14,
1198 2082 1249 2141 ubi

63 2173 100 2229 in
132 2171 354 2230 constituendis
382 2171 487 2246 templi
514 2170 624 2229 finibus
653 2163 795 2228 ‘tettome
822 2169 948 2246 Noniar,
982 2173 1107 2228 tettoms
1136 2164 1250 2229 Salisr'

63 2253 132 2338 (=
155 2261 192 2318 ad
212 2260 359 2336 templum
378 2259 494 2320 Noniae
514 2263 545 2318 et
563 2259 601 2318 ad
620 2259 766 2334 templum
786 2249 874 2339 Salii)
893 2258 1011 2318 dicitur.
1046 2258 1153 2334 Itaque
1171 2259 1250 2318 inter

64 2351 281 2408 Romanorum
310 2347 479 2408 sacerdotes
508 2348 597 2406 etiarn
623 2347 721 2407 Salios
748 2347 841 2406 fuisse
869 2367 929 2406 non
954 2349 1001 2407 est
1024 2365 1076 2407 cur
1098 2348 1249 2426 miremur,

62 2439 220 2497 miramur
244 2455 315 2498 sane
339 2438 398 2496 duo
422 2437 470 2496 vel
492 2437 571 2496 forte
594 2437 654 2495 tria
676 2436 719 2494 ibi
742 2435 869 2512 reperiri
893 2435 1042 2496 Saliorum
1066 2455 1190 2515 genera,
1219 2444 1250 2496 et

63 2527 226 2586 Palatinos
255 2531 286 2584 et
314 2525 445 2586 Collinos
474 2517 552 2608 (sive
572 2525 740 2596 Quirinales
759 2516 1000 2606 Agonensesve),
1028 2526 1136 2601 quibus
1165 2527 1250 2585 tertii

65 2617 203 2675 forsitan
217 2615 451 2674 adnumerentur
464 2613 586 2674 Pavorii
598 2613 791 2690 Palloriique.
819 2613 973 2673 Palatinos
988 2614 1107 2690 quidem
1123 2614 1250 2673 aNuma

64 2724 145 2780 rege
164 2704 320 2764 institutos
340 2722 406 2764 esse
424 2707 527 2765 vetere
545 2705 624 2778 apud
640 2704 789 2764 Romanos
804 2705 939 2762 auctores
953 2704 1098 2763 memoria
1112 2706 1249 2764 sanctum

66 2797 140 2852 erat
161 2785 212 2874 (cf.
232 2791 295 2852 Liv.
311 2793 327 2852 I
344 2795 394 2869 20,
409 2794 439 2866 4,
458 2793 537 2852 Plut.
552 2792 642 2852 Num.
658 2811 680 2852 ο.
698 2794 748 2868 13,
767 2795 846 2850 auct.
861 2791 897 2851 de
911 2792 966 2853 vir.
980 2793 1022 2851 ill.
1037 2811 1060 2851 c.
1076 2795 1106 2870 3,
1124 2793 1247 2870 Dionys.

64 2883 265 2958 1170-71,
284 2879 369 2942 Ovid.
389 2883 458 2942 fast.
477 2881 523 2940 III
539 2883 727 2958 263-398,
747 2881 865 2958 Lydum
885 2881 922 2940 da
942 2900 1033 2941 mens.
1047 2881 1092 2940 IV
1107 2884 1141 2960 2,
1165 2883 1248 2942 Paul.

67 2972 157 3031 Diae,
182 2990 218 3030 ex
240 2970 321 3030 Fest.
341 2992 369 3047 p.
385 2973 426 3031 99
439 2971 507 3048 Th,
529 2973 589 3030 131
603 2965 666 3050 M.).
710 2970 841 3030 Collinos
869 2988 888 3028 a
911 2970 999 3028 Tullo
1025 2970 1154 3030 Hostilio
1183 2991 1248 3030 esse

70 3060 193 3120 additos
217 3061 353 3135 plerique
376 3062 523 3136 putarunt
546 3063 677 3136 veteres,
707 3059 789 3118 velut
814 3059 936 3136 Dionys.
960 3059 1027 3118 hist.
1047 3059 1130 3120 Rom.
1145 3060 1176 3119 Π
1192 3063 1248 3120 7οε

69 3144 119 3208 (οἱ
140 3146 200 3223 μὲν
218 3144 280 3222 γὰρ
299 3142 493 3221 Ἀγωναλεῖς
511 3143 576 3208 ὑπὸ
596 3145 631 3208 δέ
650 3163 748 3208 τινων
766 3145 914 3208 Κολλῖνοι
934 3143 1126 3222 καλούμενοι
1141 3144 1249 3210 (άλιοι

43 3307 47 3314 ,
67 3286 74 3298 .
93 3285 124 3298 ..
145 3232 379 3312 ἀπεοείχθηεαν
398 3233 462 3297 ὑπὸ
483 3235 635 3313 βαειλέωε
653 3230 836 3311 Ὀετιλίου’,
855 3237 928 3296 item
946 3236 994 3296 ΙΙΙ
1009 3238 1065 3311 32,
1089 3235 1170 3298 Oass.
1190 3239 1247 3298 Dio

67 3330 106 3386 fr.
124 3329 154 3402 6,
171 3329 204 3388 5:
228 3320 303 3386 ‘rosi
328 3322 363 3384 δὲ
387 3321 475 3386 θείου
499 3321 584 3386 πάνυ
603 3324 848 3402 καταφρονήεαε
867 3322 1055 3400 παρημέλει,
1080 3324 1189 3402 μέχρι(
1208 3321 1248 3388 οὗ

67 3411 188 3476 verone
207 3411 366 3490 trutinent
385 3413 560 3490 γενομένης
577 3412 627 3474 καὶ
646 3411 743 3475 αὐτὸ(
757 3410 949 3489 ἠρρώετηεε·
968 3410 1042 3474 τότε
1057 3411 1118 3490 γὰρ
1133 3415 1199 3476 τῶν
1212 3434 1247 3478 τε

69 3500 183 3565 ἄλλων
194 3503 278 3564 θεῶν
288 3497 501 3580 δι’ἀκριβείαε
511 3501 690 3580 ἐπεμελήθη
701 3500 752 3564 καὶ
761 3499 977 3564 τοὺείαλίουε
987 3502 1063 3564 τοὺ(
1075 3501 1248 3566 Κολλίνου(

70 3585 345 3669 προεκατέετηεε.’
370 3593 510 3652 Alienam
524 3594 560 3652 de
576 3593 663 3652 Saliis
679 3591 803 3652 Collinis
819 3593 999 3652 sententiam
1013 3595 1141 3668 protulit
1150 3594 1248 3655 Varro

69 3685 107 3742 de
115 3685 136 3743 1.
145 3683 276 3743 l.V114:
293 3675 371 3743 ‘Duo
386 3685 457 3742 sunt
472 3701 582 3757 genera
592 3681 750 3756 Saliorum,
764 3682 881 3741 sicutin
892 3681 1057 3742 Saliaribus
1067 3683 1248 3744 carminibus

69 3772 234 3848 invenitur,
253 3771 363 3832 Oollini
379 3776 410 3830 et
424 3770 593 3842 Quirinales
607 3789 626 3830 a
639 3772 740 3830 Numa
753 3763 894 3848 instituti,
909 3771 947 3830 ab
962 3771 1093 3831 Hostilio
1107 3792 1178 3833 vero
1193 3774 1247 3832 Pa·

71 3861 150 3921 vorii
173 3865 204 3920 et
223 3860 345 3920 Pallorii
364 3852 518 3919 instituti'
556 3860 718 3920 Praeterea
736 3859 859 3918 fuerunt
878 3878 948 3919 sane
968 3860 1019 3936 qui
1036 3863 1247 3936 grammatico·

70 3970 140 4009 rum
154 3951 353 4010 recentiorum
372 3968 454 4009 more
469 3948 566 4009 Salios
580 3947 704 4008 Graecis
718 3948 892 4009 Etruscisne
906 3949 1009 4008 deberi
1023 3951 1244 4012 contenderent.

159 4096 249 4207 ι1)1)ο
274 4135 359 4191 Saliis
383 4137 418 4193 cf.
442 4135 620 4204 Marquardt,
644 4137 787 4194 Rime'ache
809 4135 1090 4208 Stautsocrwoltuug,
1113 4138 1166 4194 ool.
1186 4140 1250 4194 III
1373 4141 1374 4146 ’

74 4211 153 4266 eat>
178 4225 208 4278 p.
227 4212 351 4278 4278q.;
383 4209 462 4263 cuiue
489 4207 672 4292 luculentum¹
690 4208 892 4292 copiosamque
918 4207 1184 4292 commentationem
1211 4229 1247 4295 ne

75 4295 347 4422 {upfiraggtazdgffi
355 4282 674 4422 elsggsspglgrgrffinonmsr
687 4296 792 4351 pancas
806 4297 850 4336 res
865 4281 911 4334 lnc
925 4280 1062 4350 nocebo,
1081 4279 1116 4336 de
1131 4282 1246 4352 rehquis
