2762 4998
128 158 193 222 328
566 154 597 209 B.
612 153 856 210 Maurenbrecher:

129 346 187 404 que
205 329 339 402 tempore
358 325 489 385 earmina
508 323 672 400 composita
691 341 764 401 esse,
784 324 838 384 sed
851 326 886 383 ut
900 323 1018 386 diversa
1033 341 1098 396 esse
1118 342 1153 383 θα
1172 322 1346 382 carmina
1370 359 1372 382 t

130 417 284 492 complura
306 434 342 474 ex
365 415 549 492 argumentis
573 433 676 474 eorum
699 414 905 490 eognovimus,
932 414 976 472 ita
999 412 1092 473 variis
1115 410 1346 488 temporibus
1371 430 1373 480 ρ

132 509 198 564 orta
217 525 283 565 esse
302 523 338 564 ea
357 523 393 563 ex
411 522 521 580 genere
540 503 657 562 dicendi
676 503 780 562 elucet.
813 501 888 562 (lum
906 522 978 563 vere
993 501 1097 562 Aelius
1118 501 1207 560 Stilo
1235 499 1347 559 aliive
1371 486 1374 525 ‘¹

130 593 331 672 grammatici,
361 593 414 671 qui
437 593 665 652 commentarios
692 591 871 652 carminibus
896 591 1088 666 addiderunt,
1119 589 1243 650 emnia
1276 607 1347 646 uno

136 702 258 758 corpere
282 701 401 758 unoque
423 672 500 742 libre
523 683 735 756 comprehensa
762 681 821 740 iam
844 682 1012 758 repperisse
1036 681 1207 740 videantur
1240 669 1296 760 (v.
1321 697 1347 737 s.

131 793 159 848 p.
180 763 275 852 321),
294 771 399 831 deinde
418 789 485 831 eum
502 770 579 829 nihil
598 770 774 846 fragmentis
798 771 878 843 insit,
898 771 978 847 qued
997 771 1072 830 eitra
1090 769 1176 828 tertii
1205 768 1349 828 saeculi

133 881 157 921 α.
181 859 249 920 Chr.
268 881 295 920 n.
319 861 438 919 initium
465 861 547 918 fa'eta
573 877 638 919 esse
666 859 799 918 earmina
825 860 1010 936 comprobet,
1040 860 1094 918 aut
1121 858 1221 919 brevi
1259 860 1346 916 ante

135 949 268 1026 Appium
283 948 440 1009 Claudium
458 951 512 1007 aut
526 949 563 1008 ab
577 949 633 1008 hee
647 947 778 1007 carmina
798 949 921 1008 collecta
939 948 1081 1025 editaque
1100 966 1165 1007 esse
1187 947 1346 1007 comicie.

224 1038 416 1116 Relinquitur
433 1038 531 1114 nobis,
555 1038 590 1094 ut
612 1055 707 1112 pauca
730 1037 766 1096 de
785 1041 897 1096 metro
916 1039 1082 1098 carminum
1107 1036 1345 1112 disputemus,

133 1129 278 1194 Attamen
297 1127 332 1185 de
351 1129 447 1186 metro
463 1126 602 1185 Saturnio
621 1126 753 1185 iudicare
772 1129 803 1186 et
816 1146 870 1201 per
885 1145 916 1186 se
931 1126 1139 1186 difficillimum
1154 1129 1211 1186 est
1238 1128 1281 1184 et
1303 1144 1345 1182 ex

135 1217 181 1276 his
200 1216 341 1277 brevibus
360 1215 537 1292 fragmentis
562 1215 680 1276 omnine
702 1215 778 1274 nihil
801 1216 838 1274 de
860 1234 894 1274 ee
919 1215 1054 1275 eeneludi
1076 1217 1193 1292 petest;
1226 1232 1344 1290 quare

134 1307 173 1366 ad
191 1305 339 1381 liquidum
362 1305 567 1381 quaestionem
591 1305 752 1380 perducere
776 1305 832 1364 hec
854 1305 919 1365 lece
942 1305 1025 1381 nole,
1047 1323 1107 1364 nen
1131 1324 1193 1382 quo
1225 1303 1342 1362 inter·

130 1395 309 1473 pretatienis
333 1395 473 1454 metricae
497 1393 630 1470 pericula
653 1394 792 1471 bellaque
815 1393 916 1454 subire
944 1393 1092 1468 dubitem,
1122 1393 1175 1453 sed
1203 1393 1342 1452 melius

133 1484 219 1560 duxi,
246 1485 281 1542 de
304 1483 442 1544 versibus
464 1482 613 1542 Satmniis
637 1482 698 1541 alia
720 1483 791 1542 data
814 1482 966 1542 occasione
990 1483 1061 1559 quid
1085 1483 1225 1542 sentiam
1256 1499 1340 1558 pro-

132 1574 221 1632 ferre.
241 1602 284 1614 —
304 1571 404 1649 Atque
424 1573 523 1631 versui
543 1571 760 1647 quedammodo
779 1572 912 1648 aptanda
930 1576 1000 1631 sunt
1019 1573 1055 1631 fr.
1072 1574 1101 1648 1,
1121 1575 1154 1647 2,
1176 1573 1218 1648 6;
1246 1588 1340 1646 quae

135 1662 161 1722 si
185 1681 238 1737 per
263 1661 462 1738 quantitatem
486 1661 671 1736 syllabarum
694 1661 794 1720 metiri
815 1660 904 1735 velis,
926 1661 958 1719 in
976 1661 1047 1720 fr.1
1072 1664 1142 1737 pest
1161 1652 1337 1736 ‘patrem'

134 1751 235 1810 thesin
254 1767 428 1826 oppressam
447 1749 674 1826 animadvertes,
693 1750 762 1809 dein
777 1743 855 1822 ‘dee'
869 1769 924 1826 pre
938 1769 998 1808 una
1013 1751 1132 1826 syllaba
1145 1749 1339 1826 legendum

133 1839 190 1898 tibi
209 1839 273 1913 erit,
294 1831 408 1920 (divom
427 1841 544 1914 patrem
563 1841 648 1898 eante
667 1869 703 1880 -
725 1839 825 1898 divdm
843 1840 897 1898 deo
918 1830 1122 1917 supplicate.);
1142 1842 1213 1897 tum
1239 1839 1336 1912 frag·

134 1927 228 1988 menti
249 1930 266 1986 2
291 1945 396 1988 versus
418 1928 500 2003 prior
528 1927 720 1986 difficillimus
749 1927 901 2006 titiant,
926 1947 1015 2004 quem
1038 1928 1168 1988 fortasse
1192 1921 1241 1987 Ὀ
1274 1926 1336 1984 Zdl
1378 1984 1379 1987 ,

136 2017 255 2076 inderiso
275 2017 383 2088 omnia,
404 2017 495 2076 verdd
510 2017 628 2076 Patdlei
642 2011 761 2076 edsmis'
775 2018 867 2094 leges,
886 2018 964 2076 alter
977 2036 1082 2078 versus
1097 2016 1333 2076 difficultatem

133 2125 193 2164 non
216 2106 342 2181 praebet
366 2099 422 2187 (Es
443 2104 554 2164 Sancus
572 2091 653 2164 Idnis
678 2106 793 2164 ananus
813 2137 855 2146 -
880 2104 975 2166 Carus
999 2125 1030 2166 es
1053 2105 1169 2166 ddenus
1193 2097 1333 2182 Ianus),

134 2195 337 2271 fragmentum
365 2194 485 2270 quidem
510 2197 528 2254 6
555 2195 717 2253 secundum
746 2195 948 2270 quantitatem
975 2195 1078 2255 scandi
1104 2197 1227 2272 nequit,
1262 2193 1331 2252 nisi

135 2283 213 2343 ferte
233 2278 377 2360 ‘quemne
396 2285 483 2342 tenes
502 2277 662 2342 Ledeesie'
681 2282 771 2342 ferire
789 2284 884 2344 iubes.
916 2285 958 2344 At
977 2285 1003 2345 si
1020 2302 1125 2346 versus
1144 2283 1330 2344 seeundum

135 2376 289 2432 accentum
303 2372 404 2448 legare
417 2372 510 2449 voles,
528 2373 563 2432 fr.
583 2374 600 2430 1
617 2371 742 2448 recipies
758 2373 926 2433 saturnium
945 2375 1055 2449 septies
1070 2374 1175 2432 ictum:
1195 2367 1327 2434 ‘divom

134 2464 249 2537 patrem
269 2461 356 2520 etate
375 2492 416 2502 -
437 2462 538 2522 divom
557 2463 612 2520 dee
633 2455 824 2538 supplicate'3
848 2463 921 2522 item
944 2463 981 2520 fr.
997 2465 1028 2522 6:
1054 2456 1196 2537 ‘quemne
1220 2463 1327 2521 tonas

133 2542 288 2618 Ledeesie'
308 2542 371 2631 (vel
389 2543 561 2630 Leucosia),
585 2553 650 2609 tum
674 2544 759 2625 ‘prae
782 2552 834 2610 ted
853 2551 996 2611 trementi
1015 2545 1166 2628 quotque',
1190 2550 1329 2626 reliqua

134 2640 226 2700 verba
253 2639 400 2715 quomedo
430 2639 625 2700 discernenda
652 2640 711 2698 sint
738 2641 885 2700 incertum
913 2643 972 2715 est;
1000 2640 1092 2698 etiam
1119 2639 1207 2698 initio
1232 2641 1277 2698 fr.
1303 2639 1324 2695 2

135 2729 358 2804 quadrupedem
376 2727 500 2788 habebis
520 2727 764 2788 semisatumium
783 2723 824 2788 ‘0
844 2728 897 2787 zel
915 2727 1033 2787 adoriso
1053 2720 1173 2786 omnit'.

225 2817 409 2895 Fragmenta
422 2817 539 2876 minora
553 2817 658 2894 quevis
674 2818 761 2877 mede
776 2817 917 2877 saturniis
931 2817 1069 2894 adaptari
1082 2818 1222 2894 pessunt3
1243 2817 1288 2874 fr.
1300 2817 1321 2874 3

138 2925 289 2966 caesuram
320 2909 389 2966 ante
414 2899 547 2966 ‘recum'
570 2907 680 2966 habere
703 2906 823 2966 videtur
851 2899 1060 2988 (petissimdm
1083 2905 1242 2966 meliosum
1275 2934 1319 2945 -

137 2985 262 3077 recum),
281 2995 317 3054 fr.
335 2997 375 3054 13
396 2995 440 3054 ita
458 2996 612 3056 inciditur:
627 2990 784 3072 ‘pennatas
801 3027 839 3037 -
855 2998 1102 3072 impennatasque
1123 2987 1237 3071 tgnas',
1261 2993 1322 3069 qui

135 3104 238 3144 versus
260 3087 362 3143 utrum
382 3084 544 3145 seeundum
562 3085 761 3161 quantitatem
788 3104 826 3144 an
850 3105 904 3161 per
928 3088 1082 3145 accentum
1105 3083 1229 3160 figurati
1250 3083 1320 3142 sint

135 3193 221 3234 neme
241 3173 391 3233 diiudicet.

227 3308 260 3374 ὅ.
289 3315 339 3374 De
359 3316 414 3375 dis
434 3315 621 3377 Saliorum.

226 3441 304 3500 Deos
320 3459 393 3518 ques
407 3440 560 3500 invocatos
575 3459 641 3500 esse
659 3459 677 3499 a
692 3439 781 3500 Saliis
797 3441 915 3517 seimus,
933 3441 993 3500 iam
1007 3459 1101 3516 supra
1114 3462 1143 3517 p.
1159 3443 1221 3502 322
1238 3459 1312 3499 enu-

137 3531 264 3606 meravi3
284 3532 354 3588 sunt
372 3529 470 3605 Ianus,
489 3530 573 3604 Iuno,
592 3530 736 3603 Minerva,
755 3529 901 3608 Iuppiter,
919 3530 1009 3605 Mars,
1029 3529 1184 3604 Saturnus,
1205 3528 1311 3602 Gerus,

137 3621 235 3679 Pavor
253 3618 428 3696 Pallorque;
448 3620 551 3678 eontra
569 3618 672 3678 Venus
692 3620 770 3678 hune
789 3620 821 3678 in
838 3638 997 3679 numerum
1016 3639 1076 3679 non
1094 3621 1215 3696 recepta
1233 3621 1309 3678 erat.

136 3709 298 3768 Praeterea
319 3726 419 3767 omnes
439 3707 509 3768 dees
530 3701 709 3768 ‘consentes'
728 3711 885 3769 veneratos
909 3727 973 3768 esse
993 3708 1090 3768 Salios
1113 3709 1249 3785 seqnitur
1273 3724 1310 3765 ea

137 3817 178 3874 re,
198 3797 276 3876 qued
291 3799 450 3856 aramenta
467 3797 499 3856 in
515 3797 586 3858 dees
604 3798 761 3858 universes
782 3801 867 3858 erant
885 3797 1063 3875 compesita3
1082 3801 1172 3874 atque
1187 3797 1308 3857 omnine

137 3887 207 3948 dees
227 3887 312 3962 quasi
326 3905 385 3946 une
400 3886 522 3946 coneilio
537 3887 709 3948 coniunctos
728 3907 793 3947 esse
811 3887 988 3962 intellectos,
1007 3887 1060 3964 qui
1074 3905 1175 3946 omnes
1191 3903 1307 3946 summo

138 3977 192 4037 dee
213 3968 246 4058 (i.
262 3997 286 4036 e.
305 3968 393 4056 Iane)
413 3975 538 4036 subiecti
557 3977 588 4036 et
607 3978 644 4036 ab
664 3997 697 4037 ee
717 3977 812 4054 geniti
832 3979 941 4050 essent,
960 3977 1095 4037 videmus
1116 3996 1132 4035 e
1150 3977 1187 4036 fr.
1204 3977 1236 4053 1,
1254 3971 1306 4032 ubi
1379 3954 1380 3983 ¹

139 4067 247 4124 Ianum
271 4059 387 4125 ‘divom
411 4059 543 4140 patrem'
568 4070 599 4126 et
622 4061 735 4127 ‘divom
757 4060 860 4125 deum'
885 4067 1052 4142 appellant,
1075 4065 1124 4126 vel
1142 4066 1180 4124 fr.
1199 4067 1233 4142 3,
1255 4062 1307 4122 ubi

138 4149 340 4231 ‘potissimum
367 4153 525 4213 meliorum
557 4148 675 4231 regum'
704 4175 771 4214 eum
805 4155 966 4214 celebrant.
1012 4153 1093 4224 Quos
1125 4155 1204 4212 inter
1236 4152 1304 4211 deos
1379 4145 1380 4184 ¹

137 4244 251 4320 priores
275 4245 402 4320 egerunt
421 4246 522 4318 partes
539 4243 629 4304 Ianus
649 4262 683 4302 ae
698 4243 785 4303 Mars.
825 4244 923 4320 Atque
942 4243 1049 4303 Ianum
1073 4241 1220 4318 imprimis
1243 4242 1305 4300 lan-

138 4334 223 4394 dasse
243 4331 338 4393 Salios
358 4334 487 4392 testatur
505 4332 609 4410 Lydus
629 4333 666 4394 de
686 4353 777 4395 mens.
801 4333 844 4392 IV
864 4335 897 4392 2:
917 4325 1120 4394 ‘buonuttere
1138 4324 1302 4406 apertura
