2762 4998
155 131 219 199 336
592 130 623 189 Β,
637 131 882 188 Maurenbrecher:

154 302 240 362 initio
263 303 384 379 linguae
408 302 668 379 indogermanicee
690 303 843 381 habuerit,
872 304 908 362 cf.
932 304 1118 382 Brugmanni
1142 305 1350 382 „Grundrifis

155 394 182 452 ci.
197 393 284 466 ocrpl.
301 391 505 451 Grammatilc“
515 393 595 466 Hp.
606 392 685 464 353,·
700 393 801 469 itaque
816 396 868 451 ant
884 396 965 452 errat
980 393 1074 452 Varro
1088 399 1142 453 aut
1155 397 1344 472 repperisse

155 500 186 540 sc
209 483 285 540 banc
307 500 411 540 vocem
432 481 464 539 in
487 481 666 540 carminibus
690 481 854 540 Saliaribus
882 483 991 542 alibive
1014 483 1143 558 turpiter
1166 487 1348 562 mentitum

154 569 230 628 illud
249 589 320 629 sane
347 571 443 645 magis
467 570 670 646 probaverim,
693 571 834 646 quoniam
856 571 1003 629 mendacii
1025 577 1177 632 auctorem
1206 575 1347 652 diligen-

154 659 304 718 tissimum
325 659 375 718 vix
394 660 550 735 quisquam
569 660 732 719 convincet.
769 661 888 719 Errorie
911 680 982 720 vero
1006 679 1127 720 causam
1151 663 1259 722 fuisse
1288 664 1347 722 exi-

156 749 258 824 stimo,
287 748 365 823 quod
392 768 425 807 re
449 767 521 808 vera
544 749 640 807 Varro
664 750 777 807 formae
800 747 1112 808 tcaitos'simillimam
1140 752 1169 810 in
1197 755 1347 810 carmine

155 838 254 912 aliquo
274 836 424 896 Saliorum
442 838 570 914 legeret,
597 856 686 912 quam
706 842 759 896 aut
776 858 830 913 per
847 839 1063 914 negligentiam
1084 843 1138 898 ant
1156 842 1347 900 coniectura

158 918 287 986 ‘incitos'
306 944 372 985 esse
391 927 498 986 debere
517 927 654 1003 putaret3
675 930 706 984 et
723 927 799 986 hanc
818 927 899 987 vocis
918 928 1044 986 formam
1064 922 1217 989 ‘locitans'
1243 932 1346 989 fuisse

159 1015 268 1074 collato
288 1017 410 1084 aedituo,
430 1019 538 1074 atrituo
557 1016 741 1074 similibusve
760 1017 884 1092 conici03
903 1035 1039 1092 namque,
1059 1037 1136 1093 quae
1154 1021 1347 1094 postulatur

155 1104 222 1180 ipsa
234 1103 379 1163 Varronis
394 1106 495 1180 glossa
509 1104 686 1180 significatio
700 1105 845 1179 ianitoris,
864 1107 962 1165 inesse
978 1106 1091 1165 ianituo
1106 1127 1184 1166 unus
1200 1109 1344 1184 quisque

154 1193 227 1252 mihi
246 1194 387 1252 concedet
411 1184 509 1275 (volnt
532 1193 666 1252 aedituos
687 1187 754 1269 ‘qni
777 1194 880 1253 aedem
904 1187 1021 1254 tuetur'
1041 1195 1085 1253 ita
1106 1197 1251 1256 ianitnus
1275 1191 1344 1273 ‘qui

153 1283 273 1342 ianuam
292 1276 432 1363 tnetnr').
440 1276 464 1360 ¹)

242 1370 376 1431 Ianituos
393 1373 411 1430 i.
423 1391 448 1433 e.
458 1371 567 1431 ianitor
576 1372 666 1431 Ianus
682 1373 754 1430 deus
765 1372 862 1432 dictus
873 1391 938 1454 esse
953 1373 1026 1431 mihi
1038 1373 1165 1453 videtur,
1179 1375 1221 1434 cf.
1235 1374 1343 1434 Ovidii

154 1460 222 1519 fast.
242 1459 257 1518 I
274 1463 350 1519 137:

351 1543 464 1624 ‘thue
484 1551 588 1607 sedens
607 1549 696 1624 primi
714 1552 815 1609 vester
832 1569 925 1626 prope
944 1551 1048 1610 limina
1066 1554 1139 1610 tecti

395 1637 510 1697 ianitor
529 1656 667 1714 egressus
685 1639 885 1714 introitusque
906 1639 994 1718 videt,

352 1726 400 1785 Sic
419 1747 475 1803 ego
494 1727 641 1805 perspicio
662 1728 799 1788 caelestis
818 1729 928 1787 ianitor
946 1730 1033 1787 anlae

395 1816 474 1875 ans
492 1821 593 1893 partes
613 1817 827 1894 hesperiaeque
846 1811 951 1877 simul'

155 1943 281 2000 quocum
296 1923 431 1982 conferas
446 1923 550 1982 Horat.
566 1923 650 1998 epist.
665 1923 695 1982 Il
712 1926 740 2000 1,
755 1925 833 1984 255:
848 1917 1058 2001 ‘Claustraque
1073 1927 1233 1984 custodem
1249 1927 1338 2002 pacis

156 2012 327 2071 cohibentia
341 2005 459 2070 lanum'
474 2013 585 2072 aliosve
599 2014 687 2072 locos.
714 2013 815 2089 Atque
833 2013 907 2072 haec
920 2013 985 2072 Iani
1001 2015 1108 2074 summi
1122 2015 1336 2074 Romanorum

154 2101 369 2177 antiquissimis
393 2101 579 2176 temporibus
606 2103 653 2160 dei
676 2121 744 2160 cum
767 2104 848 2179 iano,
871 2102 975 2176 ianua,
1003 2103 1116 2163 ianituo
1140 2105 1339 2181 ianitoreque

154 2190 337 2266 comparatio
366 2189 487 2248 minime
509 2190 547 2247 ad
570 2191 714 2249 virtutem
739 2191 949 2267 notionemque
969 2193 1046 2268 eius,
1076 2193 1172 2268 qualis
1196 2213 1233 2253 re
1263 2211 1337 2253 vera

154 2280 212 2338 fuit
231 2279 382 2354 pertinere
397 2281 504 2354 potest,
524 2282 592 2338 orta
610 2283 710 2338 autem
731 2283 777 2338 est
796 2299 831 2338 ex
850 2282 1033 2358 etymologia
1051 2283 1180 2358 quadam
1199 2281 1338 2358 vulgari,

153 2388 212 2444 qua
231 2370 313 2444 deus,
332 2369 386 2444 qui
403 2388 456 2444 per
470 2369 571 2430 Iovem
589 2369 649 2426 iarn
664 2370 793 2444 opprimi
812 2370 909 2446 coepit
928 2370 1071 2446 cuiusque
1090 2371 1217 2431 viriam
1240 2369 1336 2430 remi-

152 2458 345 2516 niscebantur
353 2457 488 2532 Romani,
504 2458 660 2517 ianuarum
671 2463 884 2537 portarumque
895 2461 1029 2518 dominus
1041 2459 1175 2519 redditus
1187 2463 1251 2538 est3
1268 2479 1338 2518 con-

152 2548 232 2606 feras
252 2565 361 2622 quaeso
379 2547 512 2624 Lycurgi
532 2548 717 2622 aliorumque
736 2549 811 2608 lucis
831 2549 940 2608 solisve
960 2547 1083 2607 deorum
1102 2549 1182 2625 apud
1196 2549 1337 2608 Graecos

153 2655 220 2694 cum
239 2636 316 2711 lupis
336 2638 544 2711 cognationem
564 2637 612 2696 vel
629 2637 840 2711 Epimetheum
858 2637 976 2711 vulgari
996 2638 1179 2713 etymologia
1202 2657 1241 2697 er
1263 2639 1335 2696 Pro-

153 2726 271 2784 metheo
291 2717 508 2800 (Pramctbc')
528 2725 636 2785 ortum.

246 2851 381 2909 Versus
400 2849 553 2908 Iunonii.

243 2951 277 3018 ὅ.
300 2957 397 3014 Varro
416 2957 453 3014 de
472 2957 543 3034 ling.
563 2958 614 3015 lat.
634 2957 677 3015 IX
693 2959 748 3016 61:
773 2951 985 3016 ‘Praenomina
1007 2957 1166 3016 mulierum
1191 2958 1332 3034 antiqua·

153 3067 222 3104 rum
242 3045 352 3123 Mania,
371 3045 476 3120 Lucia,
495 3045 663 3124 Postumia3
682 3047 817 3106 videmus
837 3045 915 3104 enim
935 3045 1065 3105 Maniam
1084 3049 1212 3106 matrem
1231 3048 1332 3105 larum

154 3137 220 3212 dici,
239 3136 384 3194 Luciam
404 3134 630 3193 Voluminam
650 3135 798 3194 Saliorum
809 3135 998 3200 carminibus
1017 3127 1174 3210 appellari'
1193 3137 1250 3194 etc.

244 3234 318 3288 Var.
333 3233 424 3286 leot:
453 3232 646 3304 Voluminam]
661 3231 851 3288 Volaminiam
865 3233 895 3286 F
907 3233 1052 3300 Varronis,
1071 3232 1240 3288 Volumnam
1260 3251 1330 3289 corr.

157 3307 283 3374 andcr,
306 3305 355 3374 qai
376 3305 448 3358 idem
471 3305 566 3358 melias
584 3303 763 3358 Voluminam
787 3307 897 3374 scripsit
917 3305 1033 3360 ‘Versus
1055 3304 1159 3360 italici'
1176 3321 1206 3374 p.
1224 3310 1261 3360 31
1268 3326 1278 3370 ;
1301 3305 1332 3357 iu

158 3377 312 3448 Augustani
330 3377 387 3431 loco
405 3376 437 3429 ia
455 3391 548 3430 comm.
566 3377 652 3430 allato
671 3375 827 3431 Volumnae
845 3377 943 3430 babeat
961 3377 1029 3444 FO,
1049 3375 1215 3430 Voluminae
1233 3377 1271 3431 A.

243 3473 432 3534 comment.
484 3473 699 3548 Fragmentum
726 3474 802 3532 bene
830 3473 973 3549 explicuit
1000 3474 1185 3549 correxitque
1214 3473 1331 3532 Zander

154 3565 263 3624 collato
283 3562 451 3640 Augustino
477 3563 514 3620 de
538 3563 593 3622 civ.
612 3563 668 3620 Dei
687 3563 729 3621 IV
751 3565 806 3621 21:
831 3557 924 3632 ‘Quid
947 3581 1066 3622 necesse
1091 3565 1156 3620 erat
1175 3560 1232 3637 Opi
1256 3563 1327 3620 deae

154 3652 361 3712 commendare
376 3654 531 3710 nascentes
549 3695 555 3708 .
571 3695 578 3708 .
594 3695 601 3710 .
616 3695 622 3709 .
640 3652 713 3709 de'ae
728 3652 831 3728 Menti,
850 3657 885 3709 ut
903 3651 1012 3710 bonam
1029 3651 1175 3708 haberent
1189 3655 1327 3722 mentem,

155 3743 210 3800 deo
224 3741 373 3801 Volumno
389 3744 419 3798 et
433 3741 504 3802 deae
520 3739 696 3800 Voluminae
717 3747 749 3800 ut
764 3743 841 3800 bona
854 3733 984 3799 vellent'
995 3761 1003 3817 ;
1022 3740 1099 3798 hanc
1116 3739 1193 3798 enim
1207 3758 1325 3798 nascen-

154 3832 229 3889 tium
249 3832 335 3889 deam
353 3829 476 3888 Luciam
496 3828 687 3888 Voluminam
712 3831 774 3890 sive
794 3829 975 3889 Volumnum
1001 3830 1124 3888 eandem
1149 3845 1213 3888 esse
1238 3846 1324 3904 qnam

154 3920 299 3979 Iunonem
323 3918 467 3977 Lucinam
490 3919 569 3976 idern
592 3920 776 3994 observavit3
805 3919 881 3978 falso
905 3921 995 3977 antea
1017 3917 1151 3976 mulieris
1175 3917 1323 3976 cuiusdam

154 4011 253 4068 clarae
276 4027 384 4067 nomen
409 4008 487 4066 inter
510 4008 643 4066 carmina
664 4007 793 4066 Saliaria
812 4007 946 4082 positum
966 4025 1031 4064 esse
1051 4007 1130 4066 docti
1149 4005 1325 4082 putaverant

155 4091 255 4176 (velut
265 4096 441 4172 Marqnardt
449 4097 552 4175 „Rem
563 4095 767 4156 Stactsccrw.“
777 4097 841 4156 ΙΙΙ
849 4098 891 4156 cd.
901 4099 923 4156 2
928 4115 959 4170 p.
970 4096 1032 4154 433
1045 4097 1113 4155 adn.
1128 4099 1158 4154 et
1168 4088 1323 4172 Be‘hrens).

249 4252 275 4319 1)
295 4248 425 4303 Ceterum
444 4248 501 4302 iam
520 4249 673 4303 Zanderum
694 4249 849 4305 ‘canticos’
869 4247 1022 4303 coniecisse
1046 4263 1080 4302 ex
1097 4247 1190 4303 indice
1211 4245 1322 4303 editioni

160 4321 220 4376 cius
239 4322 345 4375 adnexo
364 4319 515 4375 noviome
533 4319 681 4390 perspicio.
