2762 4998
133 144 198 208 340
566 145 597 201 Β.
617 145 863 202 Maurenbrecber:

133 305 287 360 Probatum
307 325 375 376 opus
395 308 439 361 cst
457 324 586 361 maxume
605 307 725 361 Mamuri
743 308 851 378 Veturi,
870 308 919 376 qui
938 307 1056 376 praemii
1074 310 1137 363 loco
1159 308 1277 378 petiit,
1302 313 1333 362 ut
1359 268 1364 391 t

135 396 215 430 suum
235 394 336 432 nomen
356 378 430 432 inter
449 379 574 433 carmina
593 378 662 432 Salii
681 381 832 434 canerent!
872 379 943 433 Ovid
962 381 1025 434 fast.
1041 379 1166 434 1112592

648 451 750 516 ‘Quare
770 451 904 506 caelestia
922 451 1020 504 Martis

372 521 459 575 Arma
476 521 569 576 ferant
588 521 657 574 Salii
675 523 900 590 Mamuriumque
919 523 1041 578 cenant!

133 593 207 648 idem
226 593 344 648 111389:

330 665 413 718 ‘Tum
432 665 472 718 sic
490 665 644 718 Mamurius
662 665 789 732 „Merces
807 663 877 718 mihi
896 663 987 734 gloria
1005 665 1096 732 detur,

364 735 541 804 Nominaque
561 737 685 790 extremo
705 733 827 790 carmine
845 737 944 790 nostra
963 738 1090 791 sonent.“

328 809 395 861 lnde
414 807 574 861 sacerdotes
593 807 672 876 operi
689 807 827 875 promissa
846 808 957 860 vetusto

309 897 313 908 ·
363 878 494 931 Praemia
512 879 677 947 persolvunt
694 877 917 946 Mamuriumque
936 878 1057 934 vocant.⁷

223 967 297 1021 Var.
314 967 407 1020 lect:
426 967 547 1020 Mamnri
556 965 667 1037 Veturi]
683 967 819 1020 Mamurie
829 965 945 1020 Veturia
958 973 1055 1020 contra
1069 969 1176 1024 codices
1194 975 1228 1022 et
1245 986 1335 1026 usum

132 1040 245 1107 scripsit
260 1039 380 1092 Zuuder.
401 1069 432 1076 —
454 1039 494 1090 Ιιι
514 1037 649 1091 Varronis
666 1039 754 1092 uerbis
767 1043 832 1105 post
847 1035 1014 1091 memoriam
1027 1043 1059 1092 iri
1073 1040 1104 1093 F
1120 1041 1242 1095 lacuna
1260 1044 1334 1110 (me-

134 1113 213 1163 tuere
235 1109 265 1177 V,
285 1107 436 1163 meminere
455 1108 498 1177 M,
517 1125 629 1162 monere
647 1109 716 1177 rell.)
736 1111 859 1163 veterem
879 1127 892 1162 e
912 1109 1063 1164 Plutarcho
1082 1111 1196 1166 addidi.

222 1204 414 1264 Comment.
451 1205 552 1265 Verba
572 1199 724 1264 ‘Mercuri
748 1199 863 1264 Veluri'
883 1225 942 1264 non
967 1207 998 1264 in
1022 1207 1153 1266 carmine
1173 1209 1333 1267 ominium

135 1297 300 1354 carminum
326 1296 486 1354 Saliarium
504 1297 656 1370 postremo
676 1294 823 1371 extitisse,
842 1296 921 1372 quod
940 1299 1029 1354 antea
1046 1297 1207 1370 putabant
1232 1297 1334 1372 docti,

132 1386 184 1442 sed
208 1385 240 1442 in
265 1385 456 1458 stropharum
479 1384 537 1443 fine
561 1385 648 1460 quasi
666 1403 787 1444 versum
809 1385 1018 1443 intercalarem
1041 1389 1129 1444 canta
1153 1405 1233 1444 esse
1268 1388 1332 1444 col-

129 1474 201 1532 latis
219 1474 309 1533 Festo
329 1467 449 1532 ‘nomen
467 1474 641 1549 frequenter
659 1475 690 1531 in
708 1473 845 1532 cantibus
866 1474 992 1532 Romani
1010 1469 1277 1549 frequentabant?
1301 1479 1332 1532 et

132 1561 239 1621 Ouidio
269 1556 405 1620 ‘nomina
430 1567 560 1620 extremo
589 1561 719 1620 carmine
748 1557 869 1621 sonent'
898 1567 984 1622 acute
1012 1563 1158 1622 conclusit
1181 1563 1331 1623 Usener.

129 1650 231 1726 Atque
250 1651 326 1709 duae
345 1656 431 1709 erant
450 1651 486 1710 de
504 1652 645 1709 Mamurii
663 1651 783 1709 nomine
803 1652 977 1728 sententiae,
996 1651 1153 1728 Varronis,
1174 1655 1240 1728 qui
1263 1672 1330 1711 non

130 1739 281 1798 hominem
301 1739 471 1816 significari,
490 1741 543 1800 sed
561 1741 736 1799 memoriam
755 1743 888 1799 veterem
908 1741 965 1800 dici
983 1741 1124 1816 putabat,
1145 1745 1178 1800 et
1201 1740 1329 1814 Ovidii,

129 1828 285 1888 Plutarchi
300 1826 331 1909 (e
346 1828 453 1888 Verrio
473 1833 508 1888 ut
521 1830 640 1890 videtur
658 1831 713 1888 hoc
728 1830 825 1904 capite
841 1821 1032 1909 haurientis),
1050 1829 1199 1906 Dionysii,
1220 1831 1328 1906 Festi,

130 1919 273 1990 aliorum,
293 1920 345 1994 qui
364 1918 505 1977 ancilium
524 1937 676 1978 sacrorum
695 1919 813 1976 fabrum
834 1919 1013 1977 Mamurium
1036 1919 1184 1993 appellari
1207 1922 1327 1979 erede·

130 2006 211 2065 bant.
249 2007 418 2084 Utramque
447 2008 616 2082 opinionem
639 2027 747 2066 vanam
776 2025 841 2066 esse
872 2011 1010 2082 apparet,
1039 2009 1149 2082 quippe
1171 2009 1244 2068 illa
1276 2009 1324 2066 in·
1376 2045 1377 2070 i

128 2095 208 2154 sanis
228 2096 372 2154 Varronis
396 2096 588 2172 etymologiis
608 2097 698 2174 digna
721 2115 797 2172 quae
821 2100 1018 2173 aggregetur,
1045 2097 1117 2155 haec
1140 2099 1326 2175 aetiologo-

129 2179 197 2242 rum
216 2185 316 2244 studio
336 2184 472 2243 debetur.
509 2184 566 2243 Sed
585 2185 751 2244 illustravit
770 2186 972 2260 fragmentum
986 2185 1118 2244 Prellero
1137 2191 1321 2261 praeeunte

128 2272 246 2332 Usener
264 2292 339 2333 raus.
358 2275 451 2333 Rhea.
466 2275 508 2332 30
524 2293 557 2347 p.
573 2275 642 2332 183.
680 2273 800 2332 Etenim
818 2275 896 2332 festo
915 2274 1128 2332 Mamuralium
1147 2275 1206 2351 die,
1232 2294 1320 2352 quae

129 2363 206 2438 prid.
217 2364 256 2421 id.
268 2363 392 2422 Martias
406 2363 603 2437 habebantur,
622 2381 676 2423 ver
690 2381 844 2440 novusque
859 2382 954 2422 annus
969 2383 1036 2421 cum
1051 2382 1085 2421 eo
1100 2363 1257 2440 incipiens
1273 2365 1320 2422 ita

129 2453 368 2525 celebrabantur,
387 2457 422 2512 ut
440 2453 528 2512 homo
544 2453 599 2512 sub
615 2451 755 2510 Mamurii
773 2453 891 2511 nomine
912 2453 1042 2526 pellibus
1062 2452 1191 2512 vestitus
1211 2473 1319 2530 vapu-

128 2542 214 2600 labat
232 2545 263 2600 et
287 2544 369 2600 ultra
393 2543 474 2600 urbis
497 2541 571 2600 fines
590 2541 808 2618 expellebatur,
833 2541 869 2600 of.
888 2541 1007 2617 Lydum
1026 2542 1062 2600 de
1081 2561 1175 2602 mens.
1193 2543 1248 2602 ΙΠ
1271 2544 1316 2600 29

127 2621 185 2711 (=
204 2630 248 2688 IV
268 2623 340 2710 36):
373 2624 424 2690 Ἐν
449 2625 546 2689 εἰδοῖς
572 2625 726 2702 Μαρτίαις
750 2631 880 2704 πομπῆς
903 2627 1093 2704 γιγνομένης
1121 2627 1223 2705 ἤγετο
1258 2626 1314 2690 καὶ

127 2713 297 2792 ἄνθρωπος
329 2716 596 2793 περιβεβλημένος
630 2719 741 2792 δοραῖς
773 2716 824 2778 καὶ
860 2719 976 2780 τοῦτον
1014 2713 1129 2778 ἔπαιον
1169 2714 1314 2796 ῥάβδοις

128 2807 260 2867 λεπταῖς
283 2804 446 2882 ἐπιμήκηςι
471 2804 659 2882 Μαμούριον
683 2803 782 2867 αὐτὸν
802 2806 990 2868 καλοῦντες·
1089 2801 1167 2868 ὅθεν
1187 2825 1310 2884 παροι-

127 2891 292 2971 μιάζοντες
315 2891 346 2955 ot
369 2893 486 2956 πολλοὶ
505 2892 556 2955 ἐπὶ
575 2897 643 2955 τοῖς
666 2895 876 2971 τυπτομένοις
904 2893 1116 2969 διαγελῶντές
1135 2911 1236 2972 φαςιν
1263 2892 1312 2954 ὡς

126 2982 183 3046 τὸν
204 2982 393 3060 Μαμούριον
413 2982 499 3066 αὐτῷ
519 2981 663 3047 παίζοιεν
678 2981 709 3045 οἱ
728 2982 913 3046 τύπτοντες.
937 2981 1035 3058 λόγος
1053 2982 1114 3060 γὰρ
1134 2982 1310 3062 καὶαύτὸν

128 3071 316 3149 Μαμούριον
340 3075 503 3149 δυςχερῶν
530 3074 628 3134 τινῶν
655 3071 903 3148 προςπεςόντων
932 3071 984 3134 ἐπὶ
1013 3077 1050 3154 τῇ
1075 3076 1141 3134 τῶν
1167 3070 1309 3150 ἀρχετύ-

126 3180 197 3224 πων
217 3159 377 3236 ἀγκυλίων
396 3159 563 3237 ἀποςχέςει
582 3164 650 3224 τοῖς
663 3159 830 3238 Ῥωμαίοις
845 3158 1021 3238 παιόμενον
1038 3158 1167 3238 ῥάβδοις
1187 3161 1306 3239 ἐκβλη·

127 3255 219 3328 θῆναι
245 3253 301 3326 τῆς
326 3248 466 3331 πόλεως,
489 3253 600 3329 paullo¹
615 3253 704 3312 aliter
727 3253 809 3314 Serv.
834 3254 872 3312 ed
896 3255 969 3312 Aen.
989 3253 1048 3311 VII
1073 3255 1148 3312 188:
1179 3245 1248 3312 ‘cui
1275 3255 1308 3310 et

127 3343 205 3401 diem
220 3347 438 3418 consecrarunt,
457 3361 515 3418 quc
535 3343 643 3418 pellem
662 3343 756 3421 virgis
775 3343 889 3402 feriunt
907 3343 945 3400 ad
963 3342 1037 3401 artis
1058 3333 1305 3402 similitudinem'

127 3435 158 3490 et
177 3432 324 3491 Minucius
349 3431 432 3490 Felix
451 3429 555 3492 Octav.
578 3450 601 3490 c.
622 3435 677 3491 24:
702 3425 804 3491 ‘scuta
828 3437 930 3493 vetera
953 3432 1179 3505 circumferunt,
1203 3432 1303 3507 pelles

126 3514 278 3580 oaedunt’.
314 3520 371 3579 Ille
394 3540 481 3596 quem
501 3520 604 3596 Lydus
629 3520 772 3580 describit
796 3540 858 3582 mos
878 3520 1043 3581 communis
1068 3523 1133 3579 erat
1155 3521 1301 3596 gentibus

125 3609 376 3686 indogermanicis
398 3641 435 3651 —
455 3610 485 3668 id
504 3610 583 3686 quod
604 3610 717 3668 Usener
736 3611 848 3685 optime
867 3611 1083 3685 interpretatus
1103 3612 1205 3668 est-
1228 3606 1302 3668 anni

125 3700 283 3775 praeteriti
319 3718 430 3756 numen
458 3698 637 3774 expellendi3
675 3702 706 3757 et
738 3699 877 3759 similiter
914 3699 993 3774 apud
1029 3698 1178 3757 Romanos
1210 3697 1302 3756 Anna

126 3789 261 3847 Perenna
280 3779 428 3870 (eiusdem
447 3788 557 3848 veteris
579 3788 649 3846 anni
669 3779 740 3870 dea)
759 3788 790 3846 in
809 3808 917 3866 aquam
941 3788 1033 3848 missa
1051 3806 1116 3846 esse
1135 3777 1299 3867 videtum),

127 3897 196 3936 mox
214 3877 317 3953 paucis
337 3877 442 3936 diebus
466 3881 535 3952 post
553 3878 681 3937 recentis
701 3878 772 3937 anni
795 3878 867 3937 deus
893 3878 973 3936 Mars
997 3896 1062 3936 cum
1087 3877 1218 3936 Neriene
1243 3877 1300 3934 dea
1375 3901 1377 3908 ·

125 3967 246 4042 nuptias
271 3968 342 4044 egit.
379 3965 436 4025 Hic
459 3985 529 4026 vero
554 3967 719 4026 Mamurius
743 3967 888 4026 Veturius
911 3968 931 4025 i.
953 3985 977 4026 e.
1001 3966 1082 4024 Mars
1106 3970 1205 4040 vetus,
1228 3963 1298 4022 anni

4 4043 5 4056 ¹
33 4083 36 4089 ·
124 4056 280 4130 praeteriti
299 4056 371 4115 deus
395 4057 467 4131 quin
489 4055 643 4115 invocatus
665 4055 803 4131 precibus
822 4060 972 4132 cantuque
991 4056 1031 4114 sit
1054 4055 1108 4114 hcc
1127 4055 1297 4130 fragmento

126 4144 235 4203 Saliari
255 4164 290 4203 ex
309 4145 359 4221 iis,
379 4163 455 4220 quae
475 4144 590 4203 Prsller
609 4149 701 4222 atque
719 4145 835 4204 Usener
854 4147 1069 4222 exposuerunt,
1085 4149 1146 4203 'non
1166 4143 1227 4203 iam
1246 4143 1297 4200 du·

127 4265 339 4274 ———-..-......

217 4333 242 4402 1)
261 4333 301 4386 ef.
321 4333 407 4387 etiam
426 4331 500 4386 infra
518 4333 552 4388 fr.
568 4337 609 4388 l‘l.
