2762 4998
103 139 169 204 332
542 141 572 197 Β.
587 139 832 196 Maurenbrecher:

102 309 140 368 ab
164 309 200 368 iis
219 310 418 386 temporibus,
440 330 567 385 quorum
585 313 777 370 monumenta
796 313 926 370 aetatem
945 312 1088 386 tulerunt,
1107 305 1283 388 perierunt,

102 399 138 457 cf.
153 417 242 458 mano
262 398 360 472 (tueor.
375 399 482 466 Ducat,
501 401 609 460 soeculi
628 403 725 473 quarti
743 419 769 459 o.
786 398 853 459 ser.
869 402 919 474 a),
940 400 1034 460 Lebro
1050 397 1151 472 (teser.
1165 401 1282 460 Pisau·
1368 410 1369 438 ³

101 488 221 562 remis),
245 489 386 566 Feronia,
409 489 542 548 Loueina
561 487 695 561 (Pisauri
713 489 863 566 cubitique),
887 489 935 547 die
955 487 1091 567 (Daca),
1114 489 1187 547 Fide
1207 488 1282 562 (Pi-
1368 511 1369 554 i

102 574 210 654 seor.);
229 580 332 637 contra
347 578 380 638 oi
398 582 549 638 servatum
565 581 610 638 est
624 579 655 636 in
669 579 763 638 fibula
777 579 869 638 Manii
884 579 1078 638 Praenestina
1091 572 1282 639 ‘Namesioa'’

102 669 191 726 sexto·
205 667 268 726 fere
288 687 313 726 a.
328 665 396 728 (ihr.
412 687 440 727 n.
459 668 576 726 saeculo
596 667 787 744 assignanda;
807 671 837 727 et
851 667 947 726 Salios
967 671 1030 736 deo,
1051 687 1111 728 non
1129 669 1191 728 dect
1210 669 1281 728 elo·
1368 699 1369 706 κ

101 758 186 815 cutes
207 774 271 816 esse
291 775 307 816 e
325 757 416 816 metri
433 759 542 816 natura
560 749 633 815 inihi
653 758 772 834 quidem
791 757 982 817 verisimilius
1002 759 1055 816 est.

189 889 223 958 2.
247 896 272 957 0
293 899 366 976 Zol,
386 899 529 959 adoriso
549 899 666 958 omnia
685 932 729 940 —
746 899 856 959 verod
876 899 1020 958 Patulei
1039 883 1181 977 cosmis3

248 987 295 1046 Es
311 987 446 1047 Sancus
461 987 560 1046 Ianis
581 989 731 1066 duonus,
751 1021 791 1029 -
814 987 922 1070 Corus
943 1008 978 1047 es
999 989 1135 1048 duonus
1153 990 1284 1050 Ianus.
1364 1050 1366 1076 3

189 1103 388 1159 Testimon.=
408 1103 495 1158 Varro
517 1105 551 1158 de
570 1105 637 1174 ling.
657 1104 707 1160 lat.
727 1104 792 1158 VIII
811 1112 859 1160 27:
879 1105 922 1158 ‘In
941 1105 1037 1159 multis
1057 1104 1149 1160 verbis
1166 1105 1197 1159 in
1216 1124 1283 1174 quo

102 1174 211 1244 antiqui
231 1173 365 1228 dicebant
384 1193 407 1244 s,
423 1178 523 1244 postea
541 1175 646 1230 dictum
665 1195 686 1244 r,
706 1177 738 1230 ut
755 1176 784 1229 in
804 1175 932 1230 Carmine
948 1176 1085 1231 Saliorum
1105 1179 1170 1230 sunt
1188 1178 1284 1232 haec:

101 1265 123 1302 e.
140 1263 166 1315 q.
183 1247 216 1302 s.'
233 1277 267 1287 —
282 1245 342 1303 Vel.
359 1248 480 1315 Longus.
496 1247 558 1316 (Vll
573 1266 599 1317 p.
612 1253 644 1302 61
659 1247 707 1315 K):
727 1249 769 1317 (Z)
787 1246 868 1301 ‘mihi
881 1247 992 1302 videtur
1009 1265 1061 1302 nec
1076 1249 1169 1302 aliene
1182 1249 1284 1304 latino
1365 1258 1366 1277 ³

102 1317 222 1374 sermoni
240 1318 334 1386 fuisse,
354 1335 418 1372 cum
435 1318 594 1373 inveniatur
612 1319 643 1373 in
661 1317 783 1373 carmine
803 1317 924 1375 Saliari’.
944 1349 978 1360 -
997 1318 1114 1374 Tertull.
1134 1319 1283 1388 apol‘102
1366 1374 1367 1387 ,

102 1389 251 1460 ‘(ltaliam)
270 1389 302 1443 In
321 1405 377 1458 qua
391 1389 526 1444 Saturnus
542 1433 584 1446 ...
599 1392 731 1460 exceptus
746 1389 863 1445 eblone
882 1391 927 1444 vel
940 1390 1005 1445 Iane
1022 1393 1055 1444 ut
1068 1389 1138 1444 Salii
1152 1389 1281 1447 volunt!

188 1461 264 1516 Ver.
282 1461 373 1516 lect:
395 1460 629 1516 ‘cozeulodorieso
651 1504 656 1516 .
677 1462 751 1515 offiia
769 1461 804 1515 iio
825 1461 960 1530 adpetula
984 1460 1138 1516 coemisse.
1154 1461 1204 1516 ian
1227 1481 1282 1517 cu-

97 1533 187 1588 sianes
207 1531 314 1586 ditonus
334 1547 442 1587 ceruses
463 1575 469 1588 .
498 1532 567 1599 dun;
595 1533 711 1586 ienusue
736 1535 785 1587 uet
811 1533 949 1602 pemelios
973 1549 1037 1588 eum
1059 1534 1165 1587 recum’
1191 1535 1285 1589 habet

100 1605 187 1659 locum
205 1603 247 1672 F,
271 1608 400 1658 semotae
423 1608 553 1672 quattuor
575 1605 667 1673 spatio
685 1620 782 1660 uacuo.
800 1635 836 1644 -
856 1611 879 1658 1.
899 1601 921 1656 Ο
943 1604 991 1659 Zol
1011 1605 1134 1675 adoriso]
1157 1607 1279 1660 conieci.

99 1704 132 1715 -
153 1673 240 1730 Ozeul
258 1674 386 1729 adosiose
405 1675 510 1746 Berqt,
532 1677 604 1744 quod
624 1674 711 1731 Solem
729 1692 783 1731 cese
798 1676 910 1746 putauit
928 1676 1035 1731 collatis
1058 1675 1116 1730 Ueil
1135 1676 1280 1732 Etrusco-

97 1764 159 1801 rum
179 1752 258 1816 atquc
277 1746 398 1802 Ausclits
418 1745 584 1801 Sobiaoram
607 1763 652 1816 op.
673 1748 755 1802 Paul.
775 1765 806 1815 p.
826 1753 862 1802 18
882 1750 960 1814 (23),
988 1748 1086 1802 daque
1109 1755 1282 1816 comparata

97 1819 187 1888 qtossa
207 1816 299 1886 (Gorp.
318 1819 396 1886 cloes.
417 1819 460 1870 II
476 1835 506 1886 p.
527 1825 555 1885 8,
573 1821 623 1878 21)
644 1818 820 1885 ‘adoriosus,
846 1818 982 1885 tvtoioc',
1008 1816 1117 1873 OZeul
1135 1817 1282 1874 adoriesie

97 1889 215 1956 Jordan,
229 1887 331 1943 (lozevi
345 1888 473 1943 adoriose
484 1887 576 1944 Haoet
588 1892 633 1956 (=
646 1888 812 1957 Oenotriae),
827 1889 922 1956 Oneul,
937 1904 953 1942 ο
966 1889 1078 1943 domine
1094 1907 1122 1943 es
1133 1889 1282 1958 Bdtrens,

98 1960 120 2014 0
135 1959 204 2014 Zeul
223 1959 348 2014 adoriese
359 1960 474 2018 ,Zuoder
488 1963 535 2026 (=
549 1959 596 2015 sor
610 1961 739 2028 adorire).
755 1992 791 2000 —
805 1959 907 2028 omnia,
926 1961 1013 2014 verod
1027 1961 1136 2014 Patulei
1154 1961 1282 2032 cosmis]

96 2031 183 2086 verod
190 2037 215 2086 et
223 2031 323 2086 coenis
334 2047 363 2084 es
374 2032 485 2104 conieci,
494 2031 587 2085 omnia
594 2033 625 2086 ie
632 2033 731 2098 coelice,
740 2031 910 2087 ominevero
918 2030 1040 2100 Ocresce,
1047 2032 1139 2102 Berqt
1147 2033 1281 2097 (osmina

94 2103 233 2171 praeferre
245 2119 272 2157 ec
286 2103 378 2171 Beryto
391 2103 485 2170 elicit),
504 2102 537 2155 ad
553 2101 680 2157 Patulcie
696 2103 778 2157 misse
791 2103 882 2172 Bcrqle
897 2105 943 2170 (ι-
954 2104 1125 2172 precationes
1136 2104 1281 2172 admitte),

97 2173 241 2228 Patulcius
265 2172 404 2227 Olusivius
426 2173 549 2241 Jordan,
576 2173 684 2227 Patulti
707 2189 793 2228 oenus
817 2191 846 2228 es
870 2175 974 2240 Havet,
1002 2177 1047 2243 (cte
1070 2173 1278 2230 omnisveroad

96 2250 206 2315 uterque
229 2247 400 2312 desperans),
429 2242 552 2298 omnium
576 2247 668 2312 pater,
693 2243 804 2298 Patulei
828 2245 919 2300 Cloesi
940 2246 1080 2313 Buthrotos,
1108 2262 1204 2300 veroin
1236 2247 1280 2300 ad

96 2317 175 2384 petia
198 2316 301 2371 coemis
324 2332 353 2370 es
373 2315 483 2370 Zoeder
503 2319 549 2384 (==
568 2317 606 2371 od
627 2321 771 2384 portarum
793 2322 915 2385 potentes
938 2318 1032 2373 aditus
1055 2333 1138 2372 comcs
1161 2320 1209 2384 ce).
1239 2349 1278 2358 -

96 2393 120 2442 2.
142 2386 246 2441 Sancus
259 2386 346 2458 lanis]
365 2388 479 2454 correct,
497 2385 558 2440 Iani
574 2387 699 2442 cusianes
715 2386 828 2444 Oorseca
841 2391 888 2453 (=
903 2389 1051 2457 curiones),
1069 2387 1172 2442 ianitcs
1186 2387 1278 2444 lanes
1368 2429 1369 2462 3

95 2459 188 2529 Beryto
207 2475 352 2530 perperam
372 2464 529 2528 comparato
547 2459 638 2514 Paulo
657 2477 686 2528 p.
706 2462 743 2515 73
762 2463 856 2528 (103):
884 2460 1008 2528 ‘iuncus
1028 2457 1160 2525 ianitor',
1184 2460 1277 2516 Ianus

35 2535 37 2540 “
97 2529 226 2585 cusianus
246 2548 274 2585 es
293 2530 414 2596 Jordan,
432 2529 539 2584 ianicus
558 2531 624 2586 Iane
644 2547 673 2585 es
690 2530 791 2600 Hcvct,
810 2548 838 2585 es
857 2531 965 2596 laneus,
984 2531 1062 2586 ianes
1082 2546 1111 2584 es
1131 2531 1277 2600 Buthrotos,

95 2600 192 2656 ianeus
211 2601 292 2656 lanes
311 2601 430 2657 Zouder.
450 2632 482 2641 -
504 2600 624 2673 duonus]
643 2603 723 2671 culeo
742 2604 781 2656 art
798 2604 970 2672 tescqacetto
987 2603 1113 2668 refertar.
1130 2633 1163 2642 -
1185 2602 1276 2656 Carris

96 2673 137 2742 es]
153 2690 222 2727 corr.
239 2671 405 2727 Cerussa-
420 2673 527 2733 duonus
541 2671 635 2744 lanus]
652 2674 828 2742 coreBerqle,
843 2689 929 2727 oenus
940 2673 1074 2735 Buthrotus,
1088 2674 1137 2741 qui
1150 2672 1275 2728 Ianusue

95 2747 145 2798 uet
163 2745 231 2799 delet
235 2765 246 2809 ,·
263 2744 371 2812 rele'qao
389 2744 423 2798 ab
437 2745 486 2798 tec
498 2744 652 2813 fragmento
670 2745 789 2810 actuosi,
808 2745 842 2810 cf.
856 2746 891 2810 fr.
903 2747 935 2812 3,·
955 2744 1036 2797 etiam
1050 2743 1142 2814 Bcrqt
1161 2745 1275 2813 quidem

94 2817 167 2870 hoec
186 2815 320 2870 Varronis
340 2816 428 2870 locum
445 2816 477 2868 ia
495 2815 552 2870 trio
570 2816 713 2870 distribuet
730 2817 896 2886 fragmento,
911 2816 1034 2884 primum
1049 2821 1113 2884 post
1132 2815 1274 2883 edosiose‚

99 2888 163 2942 deta
179 2892 241 2956 poet
259 2885 344 2941 Gerus
363 2902 392 2941 es
411 2887 615 2956 europaeque.

187 2982 376 3043 Comment.
413 2984 594 3061 Priusquam
618 2984 654 3042 de
679 2984 828 3044 sententia
850 2984 1014 3060 fragmenti
1038 2983 1169 3044 omnium
1192 3002 1274 3060 quae

97 3076 227 3132 aetatem
242 3073 379 3132 tulerunt
397 3073 518 3132 maximi
532 3073 690 3150 disseram,
709 3073 802 3135 verbe
819 3073 895 3149 ipsa,
914 3075 1061 3148 quomodo
1082 3073 1273 3133 restituenda

95 3165 186 3239 atque
206 3162 393 3238 explananda
408 3163 469 3222 sint
484 3161 698 3238 disputandum
714 3164 769 3220 est.
787 3193 826 3203 -
842 3162 866 3219 Ε
885 3162 977 3240 longe
995 3162 1049 3222 illa
1066 3181 1173 3223 vocum
1192 3163 1271 3222 lace-

94 3269 195 3310 rerum
218 3251 448 3327 litterarumque
471 3251 667 3310 obscurarum
690 3251 767 3310 serie
796 3251 928 3310 eminent
950 3270 1046 3326 pauca
1071 3251 1163 3311 verba
1187 3252 1271 3310 haud

95 3344 245 3418 corrupta,
260 3359 345 3416 quae,
361 3341 386 3400 si
395 3341 460 3400 loco
470 3339 583 3398 mederi
593 3341 740 3408 volumus,
755 3343 824 3399 ante
835 3341 934 3400 omnia
944 3341 1167 3400 accuratissime
1181 3341 1270 3400 nobis

96 3431 282 3490 observanda
297 3432 376 3488 sunt.
394 3430 480 3490 uelut
494 3423 626 3495 ‘omoio',
641 3422 777 3488 ‘daenes'
793 3420 845 3510 (cf.
861 3427 948 3504 Oorp.
958 3430 1049 3505 gloss.
1063 3427 1094 3487 H
1108 3449 1137 3504 p.
1153 3429 1270 3505 56,56:

95 3520 225 3596 dnonas,
245 3513 393 3598 erutor),
418 3512 522 3578 ‘Coros
542 3511 592 3584 ee',
616 3511 734 3578 ‘Ionae'
755 3520 837 3577 certa
856 3536 922 3578 esse
940 3518 1094 3593 videntur,
1118 3537 1172 3593 pro
1192 3519 1270 3590 duan

96 3599 154 3689 (=
170 3598 282 3688 durrus)
301 3607 381 3666 facili
399 3607 565 3667 mutatione
585 3600 720 3667 ‘doceas'
746 3606 935 3668 scribendum
955 3610 1013 3684 est,
1038 3607 1110 3666 item
1132 3608 1270 3681 epotato

94 3697 161 3757 Iani
173 3697 301 3758 Patulcii
321 3715 429 3758 nomen
446 3696 551 3770 procul
570 3696 660 3756 dubio
679 3697 852 3773 eruendum,
871 3695 907 3757 cf.
922 3697 1051 3756 Macrob.
1066 3695 1082 3755 I
1097 3698 1126 3772 9,
1143 3697 1197 3757 15:
1217 3689 1270 3756 ‘In

95 3785 187 3847 sacris
205 3805 323 3864 queque
338 3785 509 3845 invocamus
527 3829 533 3843 .
549 3827 557 3843 .
572 3829 578 3844 .
594 3829 601 3844 .
620 3783 726 3844 Ianum
741 3785 910 3847 Patulcium
930 3789 961 3845 et
975 3777 1163 3859 Olusivium',
1184 3783 1269 3845 Ovid.

94 3877 163 3935 fast.
179 3876 195 3934 I
211 3877 288 3935 127:
308 3868 407 3934 ‘Modo
426 3893 554 3949 namque
568 3874 720 3934 Patulcius
738 3875 816 3934 idern
836 3876 877 3933 Et
895 3875 981 3934 modo
1000 3875 1131 3934 sacrifico
1147 3873 1269 3934 Clusius

96 3984 146 4024 ore
165 3958 280 4040 vocor',
300 3963 380 4025 Serv.
401 3964 439 4022 ad
457 3961 532 4023 Aen.
553 3962 707 4023 v11611:
731 3957 799 4022 ‘alii
819 3961 983 4022 Clusiuium
1003 3962 1119 4038 dieunt,
1143 3963 1194 4024 alii
1213 3963 1268 4022 Pa-

95 4054 237 4126 tulcium,
262 4053 340 4131 quod
358 4051 556 4129 petendarum
576 4057 731 4130 portarurn
751 4052 862 4110 habeat
882 4046 1082 4131 potestatem’,
1106 4052 1209 4130 Lydus
1233 4052 1268 4111 de

96 4162 189 4202 mens.
204 4143 247 4202 IV
264 4145 298 4204 1:
317 4135 369 4202 “0
384 4138 517 4217 Λαβεὼν
537 4137 596 4202 οὖν
614 4156 710 4218 φηςιν
729 4135 829 4200 αὐτὸν
843 4137 1003 4201 colescere
1025 4185 1099 4202 ....
1120 4137 1268 4202 Πατούλ-

94 4247 163 4292 κιον
192 4229 243 4292 καὶ
273 4227 427 4292 Κλούειον
456 4225 556 4292 οἱονεὶ
583 4221 725 4304 θυρεόν’.
755 4261 791 4270 -
821 4228 937 4288 Dehinc
965 4230 1037 4306 quid
1063 4232 1095 4290 in
1122 4229 1269 4307 corruptis

94 4321 218 4400 syllabis
239 4322 335 4382 lateat
356 4320 521 4383 videamus.
558 4319 662 4397 Atque
686 4318 718 4378 in
740 4318 826 4380 initio
850 4321 881 4380 et
901 4317 987 4380 Osset
1009 4322 1057 4383 vel
1082 4319 1147 4382 Ueii
1165 4320 1216 4382 ille
1238 4322 1269 4380 et
