2762 4998
155 148 221 214 344
593 146 624 202 Β.
639 146 884 202 Maurenbrecher:

153 316 234 393 apud
251 317 376 376 Festum
397 335 463 374 oum
483 315 575 375 Uerus
596 335 654 374 uno
673 335 689 373 r
709 315 839 392 scriptus
858 314 987 374 traditus
1007 313 1046 372 sit
1064 313 1240 390 Varroque
1265 329 1371 371 voces

152 407 289 467 vetustas
307 424 385 464 nova
404 405 622 480 orthographia
640 405 765 464 reddere
783 405 846 462 fere
866 403 976 479 ubique
995 403 1203 477 consueverit,
1239 400 1370 459 deinde

61 511 67 520 ·
155 515 224 556 cum
247 494 357 554 titulus
380 494 431 552 ille
456 494 682 569 antiquissimus
706 486 806 552 ‘Kert'
830 493 956 551 formam
980 495 1115 568 praestet
1132 509 1250 567 neque
1275 490 1371 549 absit

153 604 171 644 a
195 585 259 645 veri
279 583 389 660 specie,
413 601 514 642 eccere
534 583 777 642 exclamationem
796 582 957 658 figuratam
978 599 1042 642 esse
1062 581 1262 657 creatque
1289 579 1369 637 Ceri

154 673 245 731 huius
274 671 407 748 nomine,
435 670 542 730 Uerum
570 672 757 731 scribendum
785 672 871 731 nobis
900 689 965 730 esse
990 670 1091 747 deum,
1118 689 1178 729 non
1209 667 1367 728 Cerrum

152 762 306 839 existim03
333 780 403 820 sane
422 762 544 836 praeter
563 760 649 820 Ocres
668 753 769 842 (cerba
788 761 819 819 in
839 759 957 820 casibus
977 759 1115 838 obliquiS,
1134 777 1212 818 cers·
1240 757 1285 816 in
1307 776 1367 814 no·

153 850 242 910 minis
264 851 360 909 forma
378 842 547 927 dialectica)
568 850 639 926 quin
657 850 792 925 potuerit
811 851 901 924 stirps
918 848 1000 908 Ocre-
1022 849 1151 908 existere
1165 866 1276 907 nemo
1300 847 1368 904 erit

153 939 203 1016 qui
232 939 359 1001 dubitet.
401 939 501 1014 Atque
527 940 611 998 velut
633 937 702 999 Osci
723 937 889 1016 Umbrique
916 939 1002 996 deam
1025 937 1167 996 feminam
1190 937 1366 996 Kerriam

153 1020 311 1110 (Cerfiam)
341 1027 482 1087 amariti
505 1027 608 1087 Kerris
631 1019 738 1110 (Certi)
761 1028 880 1087 nomine
903 1030 1127 1103 nuncuparunt,
1153 1027 1197 1086 ita
1226 1026 1364 1101 Latini,

155 1136 232 1195 quae
252 1115 390 1176 Cererem
409 1135 468 1175 unc
488 1136 503 1173 r
521 1117 771 1192 pronuntiabant,
796 1115 887 1176 etiam
908 1115 1016 1175 (lerum
1035 1116 1164 1192 simplici
1184 1137 1199 1174 r
1225 1115 1363 1174 dixisse

153 1225 187 1265 ac
207 1205 362 1282 scripsisse
380 1205 508 1282 putandi
527 1208 604 1264 sunt.

248 1294 307 1354 Sed
321 1295 399 1354 hunc
415 1293 531 1372 Corum,
547 1315 635 1372 quem
649 1297 813 1355 creatorem
827 1296 1045 1370 interpretatur
1054 1293 1190 1370 VerriuS,
1208 1294 1361 1370 genium

156 1403 221 1444 esse
237 1384 392 1461 simileque
407 1402 519 1443 numen
532 1385 623 1460 vulgo
640 1387 758 1461 putant,
777 1385 880 1446 Iovem
894 1385 1007 1444 dictum
1022 1401 1085 1443 esso
1101 1376 1185 1458 ‘quia
1199 1383 1265 1442 ille
1282 1401 1362 1458 pro-

154 1473 290 1534 creandis
305 1473 474 1532 hominibus
488 1467 696 1550 praeessct'(!)
713 1477 818 1533 acutus
833 1474 884 1532 illc
897 1473 1092 1549 mythologus
1103 1473 1222 1532 Zander
1235 1472 1360 1542 edixit,

154 1563 215 1622 iam
238 1561 346 1622 melius
365 1561 472 1620 Ianum
495 1561 724 1638 intelligendum
746 1581 809 1622 esse
828 1563 913 1622 velut
931 1562 1024 1621 totius
1043 1563 1147 1620 mundi
1165 1565 1359 1621 creatorem

154 1650 248 1711 Linde
270 1645 319 1732 (dc
336 1653 414 1710 Iano
435 1669 546 1709 mmmo
566 1651 766 1711 Romanorum
786 1643 851 1730 dcc)
872 1651 1063 1711 existimavit.
1103 1650 1145 1709 Ut
1167 1651 1223 1710 illa
1251 1652 1357 1727 plane

156 1741 277 1800 mittam
292 1759 307 1798 e
323 1759 400 1799 vana
413 1759 521 1815 nempe
531 1740 631 1799 Verrii
646 1741 828 1818 etymologia
843 1744 917 1814 orta,
933 1741 984 1816 qui
994 1759 1075 1800 more
1085 1741 1355 1818 mythologorum

155 1830 213 1888 diis
229 1830 363 1904 singulas
379 1829 508 1888 virtutes
525 1830 721 1906 potionesque
741 1817 889 1907 attribuit,
909 1831 982 1888 haec
997 1829 1095 1886 Lindii
1114 1829 1214 1904 opinio
1234 1829 1353 1888 fulciri

154 1918 373 1994 quodammodo
393 1918 513 1977 videtur
532 1918 631 1976 verbis
655 1919 691 1977 fr.
708 1921 741 1977 2:
766 1912 870 1978 ‘Ceras
893 1937 922 1978 cs
945 1911 1079 1984 duouas',
1101 1918 1211 1993 quibus
1233 1917 1354 1977 Solem

155 2007 301 2067 Ianumve
327 2005 474 2082 appellari
498 2009 628 2083 constat3
652 2009 785 2066 attamen
806 2006 914 2066 Carum
934 2008 1052 2066 omnino
1073 2006 1189 2083 seiungi
1207 2026 1312 2084 posse
1334 2026 1352 2064 a

157 2095 266 2155 Cerere
291 2096 347 2154 dea
368 2096 561 2156 vehementer
579 2115 669 2173 nego;
694 2094 787 2155 Gerus
807 2097 953 2172 quomodo
973 2095 1161 2172 accipiendus
1181 2095 1223 2156 sit
1246 2128 1290 2137 —
1318 2096 1352 2154 id

156 2185 235 2261 quod
263 2185 351 2244 modo
379 2185 411 2241 in
439 2183 553 2260 origine
582 2185 662 2244 vocis
691 2185 866 2260 explicanda
888 2185 998 2245 tacitus
1022 2185 1135 2260 sumpsi
1159 2216 1202 2225 —-
1227 2187 1349 2244 docent

157 2271 263 2333 Oerfus
290 2272 446 2349 Cerfiaque
464 2271 648 2332 Umbrorum
676 2277 706 2332 ct
724 2273 828 2333 Kerris
852 2274 1018 2350 Kerriaque
1041 2272 1198 2352 Oscorum,
1220 2274 1349 2333 scilicet

156 2366 203 2423 est
218 2365 316 2422 terrae
331 2362 512 2438 frugumque
528 2361 600 2420 deus
615 2363 742 2423 maritus
753 2362 879 2440 Cereris,
893 2364 1103 2439 coniunctique
1117 2363 1150 2420 hi
1165 2365 1236 2422 sunt
1250 2363 1348 2423 velut

156 2452 249 2512 Liber
272 2452 453 2527 Liberaqne,
476 2451 558 2516 Iovis
579 2451 725 2529 Iunoque,
749 2453 840 2512 Ianus
865 2456 895 2512 et
917 2452 1016 2511 Diana
1038 2451 1186 2528 multique
1210 2452 1274 2512 alii.
1300 2483 1344 2492 -

160 2540 253 2600 Gerus
277 2559 384 2601 monas
408 2540 528 2614 dicitur,
556 2560 613 2599 non
634 2543 738 2618 manis,
758 2561 886 2618 namque
906 2534 1029 2604 ‘mones'
1048 2542 1144 2600 altero
1164 2541 1252 2599 Pauli
1273 2543 1347 2601 loco

158 2632 213 2689 aut
230 2630 362 2689 librariis
382 2631 437 2688 ant
454 2630 512 2704 ipsi
532 2631 699 2704 excerptori
717 2649 782 2690 esse
801 2630 977 2690 tribuendos
997 2649 1088 2705 supra
1108 2630 1240 2706 exposui.
1277 2630 1344 2688 Ad-

157 2719 260 2778 iectivi
288 2719 416 2777 formam
444 2717 574 2776 secunda
598 2710 644 2799 (ο)
675 2720 873 2780 declinatione
905 2722 1052 2779 structam
1080 2719 1211 2794 priorem
1240 2720 1343 2778 luisse

157 2811 277 2883 praeter
304 2808 383 2866 hunc
408 2808 506 2866 locum
533 2807 728 2867 confirmatur
755 2809 947 2884 inscriptione
973 2808 1083 2868 Dueni:
1113 2801 1242 2868 ‘duenos
1267 2807 1341 2867 med

157 2896 241 2957 feced
261 2916 299 2956 en
316 2915 444 2972 manom,
464 2895 561 2954 einom
581 2897 647 2955 med
667 2915 755 2957 mano
775 2891 898 2958 statod'.

251 3012 307 3083 13.
340 3021 522 3079 Pennatas
541 3020 844 3098 impennatasque
863 3040 981 3099 agnae.

249 3117 446 3173 Testimon:
472 3117 550 3173 Paul.
568 3136 595 3186 p.
611 3124 662 3173 257
679 3121 765 3190 (211):
791 3120 829 3188 ‘p.
849 3119 868 3172 i.
887 3137 912 3174 a.
931 3120 962 3174 in
980 3119 1077 3174 saliari
1095 3119 1217 3174 carmine
1242 3123 1339 3190 spicas

162 3188 306 3258 significat
324 3207 387 3244 cum
405 3188 499 3243 aristis
519 3190 548 3244 et
562 3190 632 3243 alias
648 3192 707 3245 sine
722 3190 824 3246 aristis,
854 3191 964 3259 ‘agnas’
980 3209 1068 3245 novas
1085 3189 1173 3245 voluit
1186 3189 1335 3258 intelligi!

249 3260 324 3314 Var.
349 3261 441 3315 lect:
465 3278 519 3328 qne
542 3263 621 3316 metri
644 3278 729 3317 causa
746 3263 824 3329 (sict)
844 3265 957 3318 sustulit
977 3264 1102 3328 Zandcr,
1126 3263 1260 3330 pesnatas
1284 3264 1337 3316 im·

160 3333 349 3401 peenatnsque
368 3347 452 3384 aenas
471 3333 576 3386 mavult
593 3333 698 3402 Empta
716 3339 780 3403 post
799 3335 916 3389 alterum
934 3335 1006 3388 illud
1027 3334 1114 3388 Pauli
1132 3349 1219 3401 agnas
1238 3350 1336 3387 acmen

162 3404 338 3472 grammatici
356 3403 476 3457 alicuine
495 3405 580 3471 (velut
598 3405 684 3471 Aeliu
704 3406 835 3460 excidisse
854 3411 904 3460 cat
918 3406 996 3460 Festi
1015 3405 1235 3459 antrustione
1253 3405 1334 3459 libro·

159 3492 220 3528 rum
240 3475 323 3541 culpo
342 3480 465 3543 apparet„

250 3569 442 3628 Comment.
480 3570 591 3629 Vocem
618 3566 744 3647 ‘wass'
771 3591 866 3650 neque
884 3591 959 3632 voum
986 3591 1063 3650 agno
1090 3577 1248 3650 cognatam
1270 3593 1333 3632 esse

160 3679 258 3736 neque
277 3678 332 3735 pro
352 3658 499 3718 adiectivc
519 3659 648 3720 notionis
673 3655 766 3722 ‘coci'
785 3662 954 3720 habendam
973 3680 1037 3720 esse
1056 3680 1110 3736 per
1124 3679 1155 3720 se
1170 3663 1268 3738 patct;
1287 3663 1331 3720 sin

160 3748 259 3822 spicae
284 3747 345 3806 sint
367 3765 476 3825 agnae,
501 3767 608 3806 nomen
633 3751 670 3808 ab
696 3752 781 3810 acina
803 3752 853 3810 vel
876 3750 961 3808 acino
985 3750 1180 3810 derivandum
1205 3751 1274 3824 erit3
1302 3755 1331 3809 et

161 3836 338 3896 femininam
366 3835 486 3911 quidem
513 3837 640 3896 formam
669 3839 760 3898 habet
787 3840 879 3898 etiam
907 3838 1044 3898 Catullus
1064 3842 1114 3915 27,
1135 3841 1168 3897 4:
1202 3833 1259 3897 tUt
1284 3840 1329 3898 lex

160 3925 336 3985 Postumiae
355 3925 438 3983 iubet
457 3927 621 4000 magistrae
641 3929 732 3987 Ebria
750 3928 835 3987 acina
854 3921 1049 4002 ebriosioris'3
1074 3947 1109 3986 ex
1129 3931 1215 3986 acina
1233 3931 1327 3986 autem

160 4014 192 4075 vi
222 4017 361 4073 accentus
390 4013 464 4072 eliso
492 4015 589 4073 medio
618 4035 689 4076 sono
718 4035 794 4076 uoco
815 4047 851 4058 -
875 4035 953 4090 upon
980 4021 1079 4074 ortum
1108 4009 1199 4095 est¹);
1232 4016 1326 4075 eadem

161 4122 179 4162 a
203 4103 299 4178 stirpe
323 4103 416 4161 habes
440 4121 544 4162 vocem
563 4095 666 4165 ‘ocus'
686 4099 802 4186 (palea)
826 4107 904 4180 apud
923 4125 1025 4164 rerum
1043 4106 1226 4164 rusticarum
1244 4105 1325 4181 scrip·

253 4258 278 4322 1)
302 4255 343 4308 De
371 4271 472 4309 vocum
495 4271 579 4328 yacus,
607 4256 717 4310 acinam
746 4255 919 4326 etymologia
947 4257 981 4310 ct.
1005 4255 1142 4311 Aufreoht
1173 4257 1202 4308 in
1225 4257 1326 4312 Kalmii

160 4326 255 4380 amuel.
274 4326 296 4378 I
308 4343 339 4396 p.
354 4328 417 4381 353.
