2762 4998
400 149 559 207 Oarminum
579 149 729 207 Saliarium
749 149 894 221 reliquiae.
1087 207 1092 220 ,
1170 153 1233 218 324

45 323 156 382 444444
174 323 250 382 4444
264 314 439 398 ‘priviclois'
458 321 494 380 fr.
512 323 562 395 25,
582 323 613 380 et
626 314 817 380 ‘molucrum’
831 320 868 381 fr.
886 323 935 400 15,
955 322 1080 382 verbum
1096 322 1234 400 frequen-

47 413 185 472 tativum
201 431 295 469 unum
309 411 342 469 44
355 411 489 486 reliquiis
504 412 590 470 adest
605 404 803 486 ‘praeceptat'
818 411 854 470 fr.
865 413 915 471 28.
945 411 1233 488 Compositorum

46 502 251 561 verborum
269 501 458 577 frequentem
472 500 601 576 legimus
616 500 647 559 in
662 499 843 559 carminibus
858 519 1023 576 numerum,
1043 495 1233 577 ‘supplicate'

46 592 83 649 44.
101 593 129 666 1,
151 582 300 648 ‘adoriso'
316 589 352 649 fr.
368 591 386 647 2
401 582 431 666 (e
451 581 646 669 coniectura),
666 581 861 664 ‘praeceptat'
876 589 911 649 fr.
929 591 980 667 28,
999 583 1233 666 ‘promencrvat'

47 682 85 738 fr.
100 681 156 755 20,
178 673 393 754 ‘praepotiont'
413 679 450 737 fr.
466 680 517 753 30,
537 671 712 754 ‘prospices’
726 679 763 740 44.
779 681 830 755 31,
850 672 1002 754 ‘perfines'
1017 680 1053 740 fr.
1069 681 1120 754 33,
1139 698 1233 757 eaque

49 769 112 828 iam
132 767 275 827 extitisse
295 767 430 844 sequitur
447 770 605 844 praeterea
624 787 659 826 ex
675 761 812 828 ‘insiciis'
831 760 881 849 (fr.
899 761 954 847 13)
974 773 1064 845 atquc
1084 788 1120 827 ex
1138 769 1234 828 adiec-

50 858 114 917 tivo
127 849 339 934 ‘promeriom'
356 852 404 934 (fr.
421 848 486 938 24).
519 857 625 932 Itaque
644 857 766 933 linguae
784 857 895 916 latinae
914 875 1022 917 aevum
1041 857 1130 918 etiam
1151 862 1233 918 vetu-

50 947 128 1005 stius
153 946 188 1004 in
207 945 306 1004 animo
326 945 419 1005 habet
436 946 546 1006 Festus
564 967 593 1021 p.
609 946 673 1004 444
692 936 805 1028 (309):
829 940 901 1006 ‘sub
924 965 977 1006 vos
1001 947 1086 1022 placo
1109 947 1141 1005 in
1163 967 1231 1024 pre·
1333 948 1335 955 ’

50 1035 137 1094 44444
161 1035 229 1094 4444
253 1053 320 1094 cum
343 1035 466 1112 dicitur,
494 1034 643 1112 significat
666 1035 696 1094 id
721 1035 800 1112 quod
824 1035 973 1114 supplice,
1001 1039 1036 1096 ut
1060 1035 1092 1094 in
1115 1037 1232 1114 legibus

51 1126 200 1200 transque
224 1124 294 1183 dato
319 1126 350 1182 44
373 1123 508 1200 endoque
532 1117 674 1201 plorato';
704 1127 795 1200 atque
817 1125 899 1200 leges
929 1143 1004 1202 quas
1028 1126 1112 1192 citat¹
1125 1125 1232 1186 Festus

52 1233 119 1273 cum
143 1213 207 1272 XII
234 1213 356 1273 tabulae
385 1231 450 1273 esse
478 1211 649 1288 videantur,
676 1213 731 1271 4114
758 1213 923 1272 carminum
952 1213 1112 1273 Saliarium
1139 1215 1233 1274 verba

55 1303 234 1363 decemviris
252 1301 418 1377 posteriora
437 1321 502 1362 esse
521 1304 664 1379 sequitur.
704 1301 804 1360 Unum
823 1302 944 1377 pristini
962 1303 1043 1362 411444
1063 1321 1148 1379 usus,
1173 1324 1231 1380 quc

56 1395 83 1450 et
96 1391 277 1453 adverbium
292 1395 323 1450 et
336 1391 461 1450 verbum
475 1391 624 1451 disiuncta
646 1389 738 1449 etiam
757 1393 852 1465 44444,
871 1393 966 1451 444444
981 1392 1148 1467 exemplum
1164 1392 1199 1451 fr.
1213 1396 1230 1453 6

56 1475 141 1556 ‘prae
160 1481 214 1540 ted
232 1473 400 1540 tremonti'.

143 1569 433 1629 Edcclinatione
460 1569 640 1628 nominum
667 1568 811 1628 memoria
839 1569 930 1645 digna
956 1569 1019 1628 fers
1046 1574 1118 1629 sunt
1145 1571 1230 1630 haec:

54 1659 226 1719 Genetivi
250 1659 341 1733 sing.
369 1659 484 1716 nullum
511 1661 557 1717 est
580 1658 761 1734 exemplum,
789 1657 953 1718 dativum
983 1677 1075 1716 unum
1104 1659 1231 1735 legimus

51 1750 87 1806 fr.
106 1751 123 1807 1
142 1741 230 1821 ‘de0',
246 1747 325 1823 quod
338 1767 376 1806 ne
390 1749 533 1807 novatum
547 1767 584 1806 ex
598 1741 688 1807 ‘deci'
704 1746 856 1806 existimes
870 1749 1000 1806 metrum
1016 1748 1136 1807 obstare
1151 1747 1229 1808 vido-

52 1841 116 1914 tur3
138 1837 258 1896 dativus
276 1835 371 1912 igitur
389 1837 437 1895 hic
455 1836 549 1895 fibula
567 1837 763 1896 Praenestina
783 1835 881 1896 iunior
900 1839 990 1911 atque
1013 1838 1149 1912 aequalis
1168 1839 1231 1897 fere

55 1927 154 1986 Dueni
172 1925 361 2002 inscriptioni
381 1929 439 2000 est;
459 1925 643 1986 ablativos
664 1925 779 1984 adiecto
798 1925 852 1984 4114
872 1925 890 1983 d
908 1925 1054 1984 formatos
1073 1927 1147 1986 duos
1167 1946 1229 1985 car-

53 2016 136 2073 mina
150 2015 291 2074 exhibent
305 2014 339 2073 fr.
351 2017 370 2073 2
387 2007 501 2074 ‘varod'
516 2016 548 2073 et
561 2015 597 2073 fr.
610 2017 628 2073 6
640 2007 723 2088 ‘ted',
738 2016 843 2074 contra
853 2007 991 2089 ‘poltero’
1006 2014 1042 2073 44.
1055 2017 1095 2074 23
1111 2018 1194 2074 et—
1205 2016 1231 2074 si

53 2104 212 2165 ablativus
222 2106 269 2162 est
280 2135 318 2143 —
333 2095 471 2164 ‘sonivio’
486 2103 522 2163 fr.
536 2105 575 2163 16
591 2103 723 2163 novicius
738 2104 899 2161 ostendunt
919 2103 1039 2162 formas.
1074 2103 1185 2162 Vocum
1200 2105 1230 2162 in

53 2194 99 2251 -io
114 2193 313 2253 desinentium
332 2193 523 2253 vocativos
543 2193 687 2251 habemus
703 2185 844 2250 ‘Mamuri
859 2186 978 2251 Veturi'
993 2194 1028 2252 fr.
1045 2195 1074 2269 8,
1089 2186 1229 2252 ‘Patulci’

52 2283 126 2340 fn2
147 2273 177 2360 (e
196 2273 393 2362 coniectura),
418 2284 449 2340 at
469 2275 634 2340 ‘Loucesie’
659 2283 696 2342 fr.
718 2284 750 2358 63
778 2301 865 2341 nom.
884 2281 975 2356 plur.
999 2301 1053 2356 per
1077 2282 1106 2341 oi
1130 2283 1165 2340 44.
1189 2286 1227 2342 19

54 2366 220 2447 ‘pilumnoe
239 2363 367 2447 poploe',
388 2374 492 2429 contra
509 2390 564 2447 per
584 2371 610 2428 ei
631 2363 729 2430 ‘vinei'
749 2371 784 2428 44.
802 2373 830 2429 6.

146 2459 264 2519 Genet.
279 2460 368 2535 plur.
384 2453 507 2519 ‘divom'
523 2450 598 2540 (bis)
613 2460 649 2517 fr.
666 2462 694 2536 1,
714 2458 782 2517 dat.
798 2458 845 2518 441
864 2458 931 2516 abl.
946 2458 1037 2533 plur.
1054 2451 1229 2532 ‘priviolois'

54 2550 93 2609 fr.
105 2550 155 2623 25,
170 2551 201 2607 44
210 2551 327 2608 mutata
336 2548 432 2608 forma
439 2540 564 2623 ‘pesnis'
573 2549 608 2606 fr.
618 2550 667 2608 21.
692 2546 984 2607 Declinationem
999 2565 1103 2606 carum
1114 2566 1229 2626 vocum,

56 2657 135 2714 quac
153 2638 244 2714 vulgo
262 2637 293 2696 in
311 2638 361 2697 -io
380 2637 525 2712 exierunt,
544 2637 602 2696 sibi
620 2656 680 2696 non
698 2639 835 2696 constare
856 2639 947 2712 atque
966 2655 1035 2695 mox
1054 2636 1179 2712 stirpem
1197 2637 1228 2695 in

57 2729 114 2802 -io,
138 2745 204 2785 mox
221 2727 252 2784 in
270 2728 309 2785 is·
328 2729 462 2786 secutam
479 2745 544 2786 4444
563 2729 667 2785 notum
688 2730 746 2800 cst,
770 2725 859 2785 huius
886 2725 930 2784 roi
954 2728 1122 2800 exemplum
1142 2726 1228 2796 adest

57 2821 91 2876 ot
104 2815 191 2874 Ianus
207 2817 237 2874 et
250 2814 330 2874 Ianis
346 2816 448 2874 eodem
463 2815 643 2892 fragmento,
663 2816 699 2874 fr.
715 2817 744 2884 2,
764 2817 921 2890 practerea
934 2814 1079 2874 habemus
1095 2809 1228 2874 ‘manus'

57 2906 96 2963 fr.
112 2907 152 2963 12
176 2896 340 2986 (44.1)4444
361 2895 519 2984 ‘manum')
538 2921 718 2980 quamquam
739 2905 869 2980 posteris
887 2923 990 2964 manes
1010 2903 1115 2963 usitati
1134 2907 1228 2980 erant,

60 2998 161 3054 contra
180 2987 301 3069 ‘pescia’
320 2994 356 3052 fr.
373 2995 402 3070 9,
421 2993 469 3052 cui
489 2991 620 3052 Marsum
641 2985 754 3068 ‘pesco'
772 2992 941 3069 opponitur.

147 3083 170 3140 Ε
188 3082 378 3142 verborum
397 3082 644 3140 declinatione
669 3081 745 3140 duae
764 3082 850 3140 nobis
870 3084 1006 3141 servatae
1026 3083 1096 3140 sunt
1113 3081 1227 3141 formae

62 3171 288 3246 vetustissimae,
308 3178 384 3247 quae
404 3169 442 3229 ad
461 3171 607 3246 originem
628 3171 691 3230 fere
710 3172 884 3248 linguarum
897 3170 1072 3229 Italicarum
1090 3171 1227 3230 recedere

61 3262 155 3336 primo
173 3261 280 3318 obtutu
301 3259 453 3337 videntur,
482 3252 648 3320 ‘tremonti'
666 3262 735 3319 tert.
759 3277 835 3335 pers.
855 3261 931 3334 plur.
951 3259 1010 3318 ind.
1029 3277 1125 3334 praes.
1149 3259 1225 3318 446
1265 3327 1268 3334 ,

62 3341 217 3429 (tremunt)
237 3351 327 3424 atquc
346 3342 487 3409 ‘adcriso'
507 3368 562 3408 sec.
581 3367 659 3424 pers.
679 3350 754 3423 sing.
773 3348 832 3408 ind.
851 3366 947 3424 praes.
968 3339 1122 3429 (adoriris)
1141 3349 1178 3408 fr.
1194 3351 1226 3423 23

63 3431 222 3497 ‘tremonti’
237 3436 420 3515 primarium,
441 3443 477 3496 44
491 3439 576 3496 44444
590 3438 787 3513 grammatici,
809 3437 950 3496 suffixum
964 3437 1104 3512 ostendit,
1124 3439 1227 3496 contra

63 3520 268 3602 ἶ4444444444
287 3527 322 3586 fr.
340 3528 382 3587 30
396 3527 612 3586 secundarium.
657 3526 842 3585 Iniunctivus
866 3525 1038 3601 imperativi
1058 3525 1225 3602 significatu

65 3619 108 3675 444
118 3609 286 3691 ‘prospices'
301 3615 337 3690 44.
349 3618 401 3694 31,
415 3609 566 3691 ‘perfines’
581 3615 652 3691 quid
667 3616 707 3674 sit
720 3616 798 3674 infra
812 3615 850 3673 ad
866 3615 901 3674 44.
914 3616 954 3674 33
970 3615 1157 3691 disputatum
1172 3618 1226 3674 444.

148 3704 251 3779 Itaque
274 3708 308 3762 ut
332 3723 479 3762 summam
503 3705 623 3783 faciam,
652 3709 721 3764 sunt
747 3704 866 3781 quidem
889 3705 1001 3764 formae
1023 3706 1225 3782 pervetustus,

66 3795 216 3869 plerasque
235 3794 406 3852 vero'ultra
424 3793 537 3852 liberae
556 3794 600 3851 rei
619 3794 755 3868 publicae
774 3796 906 3852 aetatem
924 3793 1021 3852 redire
1045 3812 1104 3852 444
1122 3793 1225 3853 viden·

66 3886 125 3960 tur,
147 3883 245 3940 contra
268 3880 343 3940 nihil
366 3885 425 3955 est,
451 3881 530 3958 quod
549 3881 646 3957 Appio
666 3881 791 3941 Claudio
814 3881 963 3941 recentius
988 3881 1040 3955 sit,
1065 3881 1123 3940 nisi
1147 3883 1224 3958 quod

68 3970 317 4046 grammaticorum
340 3972 470 4030 novandi
494 3971 592 4030 studio
617 3971 720 4030 deberi
745 3973 883 4047 apertum
906 3974 960 4030 444.
1006 3970 1107 4028 Etiam
1131 3989 1224 4046 angu-

69 4059 198 4120 stioribus
225 4059 334 4118 finibus
363 4061 604 4121 circumscribere
635 4059 983 4122 carminumSaliarium
1012 4060 1144 4118 aetatem
1166 4078 1225 4118 non

68 4167 213 4225 possumus
236 4151 356 4224 praeter
379 4148 459 4224 quod
478 4150 514 4208 fr.
531 4152 569 4209 19
595 4141 761 4232 (pilumnoe
779 4139 901 4228 poploe)
921 4150 1020 4224 quarti
1040 4147 1151 4207 saeculi
1174 4140 1224 4228 (cf.

70 4229 186 4318 comm),
204 4237 316 4296 saeculi
330 4239 462 4298 eiusdem
478 4239 613 4298 exeuntis
632 4239 668 4298 fr.
684 4241 702 4298 8
719 4232 841 4318 (Veturi
855 4229 976 4318 nomen)
992 4241 1022 4296 et
1036 4238 1071 4296 fr.
1087 4238 1128 4296 29
1145 4227 1224 4319 (pro-

72 4319 224 4403 meneruat)
240 4345 306 4386 4444
320 4327 483 4388 verisimile
497 4331 555 4387 est:
575 4327 627 4388 sed
641 4331 755 4388 certum
770 4329 824 4404 est,
846 4345 905 4386 non
919 4327 1019 4388 omnia
1033 4345 1091 4386 444
1106 4327 1222 4387 eodem-
