2762 4998
418 159 577 216 Garminum
596 159 745 217 Saliarium
764 159 909 230 reliquiae.

207 325 358 392 ‘Nominis
377 349 441 391 esse
459 333 561 407 potest
579 331 745 391 succinctus
764 349 854 390 causa
871 330 1015 411 minister,

255 415 362 481 Hostia
381 420 538 480 caelitibus
557 441 614 496 quo
633 421 759 480 feriente
778 419 866 497 cadit,

211 511 269 580 Qui
288 511 384 570 calido
403 509 523 569 strictos
542 511 691 570 tincturus
710 510 855 585 sanguine
874 509 986 568 cultros

256 599 378 675 Semper
396 592 530 677 ‘agatne'
549 603 645 676 rogat,
663 617 718 659 nec
736 599 793 659 nisi
811 597 900 658 iussit
918 599 989 673 agit.

212 689 295 766 Pars,
314 688 386 765 quia
403 708 463 748 non
481 689 603 750 veniant
620 689 748 765 pecudes
768 688 820 748 sed
839 690 975 765 agantur,
995 687 1034 746 ab
1053 691 1121 747 actu

248 779 373 838 .Nomen
392 778 559 856 Agonalem
579 778 673 838 credit
690 778 801 837 habere
820 777 906 837 diem.

213 869 261 927 An
281 869 350 945 quia
368 867 522 943 praevisos
539 869 570 925 in
589 885 668 944 aqua
685 867 774 927 timet
791 867 891 926 hostia
910 867 1023 926 cultros

257 957 286 1015 A
303 957 418 1033 pecoris
437 958 489 1016 lux
507 958 553 1016 est
570 957 636 1032 ipsa
654 958 759 1016 notata
776 959 867 1016 metu.

214 1048 273 1106 Fas
292 1047 391 1121 etiam,
410 1046 475 1105 fieri
495 1045 591 1106 solitis
610 1047 711 1106 aetate
729 1046 864 1122 priorum

257 1135 387 1195 Nomina
404 1136 441 1194 de
459 1135 538 1195 ludis
558 1133 673 1195 Graeca
691 1135 798 1195 tulisse
816 1135 903 1194 diem.

214 1226 288 1285 Pars
306 1227 396 1301 putat
412 1225 468 1285 hoc
486 1224 598 1284 festum
616 1225 722 1301 priscis
741 1224 873 1300 Agnalia
891 1224 1013 1300 dictum,

259 1313 327 1373 Una
346 1315 385 1374 sit
403 1317 438 1373 ut
456 1315 577 1390 proprio
596 1315 699 1372 littera
718 1313 838 1388 dempta
856 1314 930 1374 loco.

214 1404 293 1463 Nam
312 1397 425 1479 ‘pecus'
444 1403 588 1480 antiquus
607 1403 726 1462 dicebat
743 1395 876 1479 ‘agonia'
897 1420 993 1461 sermo

258 1492 398 1569 Veraque
415 1491 524 1552 iudicio
544 1495 590 1552 est
608 1493 714 1551 ultima
733 1510 822 1551 causa
840 1483 928 1550 meo'

167 1583 359 1642 Postremam
372 1581 526 1658 ipsiusque
537 1579 637 1643 Ovidii
651 1581 880 1659 originationem
895 1580 981 1640 effert
994 1579 1073 1639 inter
1087 1579 1146 1638 alia
1161 1580 1250 1640 etism

68 1673 189 1732 Festus
209 1691 238 1747 p.
254 1675 272 1732 7
289 1663 375 1752 (10):
399 1665 552 1746 ‘agonium
571 1669 634 1729 dies
654 1669 876 1747 appellabatur,
901 1688 960 1747 quo
977 1688 1030 1728 rex
1048 1669 1178 1729 hostiam
1196 1669 1250 1726 im-

66 1761 228 1836 molabat,
251 1759 381 1819 hostiam
406 1761 483 1818 enim
504 1759 620 1834 antiqui
640 1760 778 1836 agoniam
797 1761 952 1819 vocabant.
989 1758 1142 1834 Agonium
1161 1757 1251 1817 etiam

68 1851 228 1923 putabant
247 1850 338 1908 deum
356 1848 414 1908 dici
432 1849 653 1924 praesidentem
672 1848 761 1907 rebus
781 1848 918 1925 agendis3
937 1847 1076 1923 agonalia
1090 1847 1154 1906 eius
1168 1847 1253 1906 festi-

71 1938 215 1998 vitatem.
255 1936 323 1998 Sive
347 1938 418 2013 quia
441 1955 553 2014 agones
572 1937 712 1996 dicebant
730 1940 859 2014 montes,
885 1936 994 2012 agonia
1013 1936 1158 1998 sacrificia
1176 1955 1253 2012 quae

69 2027 196 2087 fiebant
219 2027 250 2085 in
273 2029 387 2101 monte;
410 2026 479 2086 hinc
502 2027 615 2086 Romae
638 2045 722 2086 mons
747 2026 910 2097 Quirinalis
933 2026 1058 2101 Agonus
1082 2026 1114 2083 et
1137 2023 1254 2084 Collina

69 2121 172 2191 porta
190 2109 382 2192 Agonensis',
401 2116 437 2174 01.
456 2115 526 2174 ibid.
547 2137 573 2190 p.
591 2117 653 2175 338
670 2107 777 2197 (254):
798 2110 972 2183 ‘Quirinalis
992 2115 1086 2189 collis,
1105 2115 1157 2190 qui
1174 2134 1253 2174 nuuc

11 2215 12 2219 ’
70 2205 200 2282 dicitur,
220 2205 291 2264 olim
302 2204 425 2282 Agonus
440 2198 672 2282 appellabatur'3
691 2207 727 2265 of.
743 2205 833 2264 etiam
843 2204 964 2282 Lydum
981 2205 1017 2263 de
1031 2222 1122 2264 mens.
1141 2203 1254 2263 mas:

70 2288 146 2354 ‘eru
161 2291 198 2354 τὸ
213 2291 401 2367 κυκλοτερές
416 2290 502 2368 παρὰ
516 2290 554 2353 τὸ
564 2291 604 2369 μὴ
616 2289 702 2369 ἔχειν
712 2288 854 2366 γωνίαν’.
877 2294 993 2353 Harum
1003 2293 1254 2370 etymologiarum

70 2383 225 2442 maiorem
249 2385 366 2458 partem
388 2402 488 2442 meras
511 2402 607 2461 nugas
632 2401 697 2443 esse
721 2385 832 2459 elucet,
855 2383 940 2442 nobis
965 2401 1036 2441 sane
1060 2400 1135 2458 opus
1155 2383 1255 2442 estut

71 2472 287 2550 Agoneneium
310 2490 419 2532 nomen
442 2491 509 2531 oum
532 2472 639 2532 ceteris
662 2471 787 2532 vocibus
808 2471 955 2530 similibus
976 2472 1050 2530 duce
1068 2471 1159 2530 Festo
1179 2489 1255 2530 com-

70 2580 230 2638 paremus.
272 2561 372 2638 Atque
396 2561 484 2620 deum
509 2562 659 2639 Agonium
682 2580 790 2622 nomen
814 2560 1019 2637 originemque
1044 2559 1193 2636 accepisse
1217 2560 1254 2619 ab

73 2651 148 2727 ipso
172 2650 251 2710 festo
274 2669 360 2710 nemo
383 2649 494 2710 infitias
518 2650 588 2727 ibit,
611 2669 706 2726 neque
730 2651 826 2710 festus
850 2649 961 2727 Agonii
985 2649 1048 2709 sive
1069 2648 1254 2726 Agouiorum

76 2741 146 2801 sive
172 2739 352 2814 Agonalium
376 2740 439 2798 dies
463 2740 609 2814 originem
632 2740 678 2799 bis
701 2739 871 2799 nominibus
895 2739 1000 2798 fecisse
1023 2739 1174 2814 putandus
1200 2742 1256 2800 est.

75 2829 212 2890 Restant
238 2846 352 2904 agonus
378 2826 540 2898 Quirinalis
568 2829 677 2888 montis
705 2847 812 2888 nomen
841 2832 872 2888 et
895 2829 1016 2904 agonia,
1045 2829 1161 2888 hostiae
1184 2848 1255 2905 vox,

76 2920 149 2978 iure
172 2923 275 2976 autem
293 2915 440 2977 Wissowa
463 2910 626 2994 ‘agoniam'
644 2919 774 2994 priorem
794 2936 859 2977 esse
878 2936 989 2994 vocem,
1009 2918 1087 2976 unde
1106 2911 1256 2994 ‘Agonus’

77 3026 169 3068 mons
198 3025 306 3066 nomen
328 3010 499 3065 mutuasset
522 2999 579 3086 (=
599 3000 808 3088 „Opferbcrp“)
833 3007 1005 3082 exposuisse
1032 3005 1105 3065 mihi
1127 3006 1256 3083 videtur,

78 3098 115 3156 of.
138 3095 323 3166 Umbrorum
341 3095 403 3157 tab.
421 3095 466 3171 Ig.
480 3094 544 3153 VB
564 3090 659 3172 ‘possi
678 3089 769 3155 acnu'
792 3097 810 3154 i.
831 3114 855 3156 e.
881 3095 920 3154 ad
939 3095 1088 3155 sacrificia.
1124 3095 1254 3174 Agonio·

78 3206 150 3244 rum
173 3184 268 3262 igitur
292 3183 355 3243 dies
378 3185 447 3244 festi
471 3184 513 3242 nil
536 3185 597 3244 nisi
620 3179 694 3244 ‘dies
719 3178 828 3262 quibus
854 3177 1050 3244 sacrificatur'
1069 3184 1256 3262 intelligendi

79 3278 167 3348 sunt,
193 3273 267 3332 Salii
290 3277 390 3332 autem
409 3271 585 3348 Agoneuses
608 3293 717 3334 nomen
736 3274 773 3334 ab
792 3278 908 3349 monte,
933 3275 984 3332 ubi
1003 3293 1088 3333 sacra
1106 3274 1257 3334 faciebant

79 3363 290 3440 templumque
308 3362 460 3421 habebant
479 3364 627 3438 accepisse
648 3363 795 3423 videntur.
820 3401 835 3446 ε

173 3451 237 3510 Iam
259 3451 426 3528 quaeritur,
450 3471 578 3527 quonam
598 3454 686 3511 modo
706 3453 852 3512 Pallorios
873 3452 1073 3527 Pavoriosque
1093 3452 1188 3511 Salios
1208 3473 1257 3511 ex-

83 3543 239 3618 plicemus
273 3540 353 3610 Quos
372 3559 553 3616 quamquam
573 3561 591 3599 a
609 3543 696 3600 Tullo
715 3561 787 3620 rege
805 3541 941 3601 conditos
960 3560 1026 3600 esse
1041 3542 1136 3600 Varro
1156 3541 1258 3618 tradit,

84 3651 146 3690 non
165 3630 285 3690 eosdem
303 3629 516 3706 intelligendos
535 3649 600 3690 esse
619 3634 709 3707 atque
729 3629 858 3691 Oollinos
880 3631 1016 3708 sequitur
1033 3631 1098 3706 ipso
1113 3629 1258 3690 Varronis

82 3723 162 3794 loco,
183 3738 241 3794 quo
260 3721 422 3795 utrumque
441 3719 640 3780 sacerdotium
660 3721 717 3780 sibi
735 3721 906 3796 opponitu1·;
929 3739 1025 3796 neque
1045 3739 1115 3780 vero
1134 3722 1259 3780 tertium

84 3809 234 3868 Saliorum
263 3826 359 3883 genus
384 3808 415 3866 id
438 3808 531 3867 fuisse
555 3812 712 3867 autumare
735 3810 819 3884 licet,
842 3809 982 3884 quoniam
1002 3809 1104 3868 eodem
1123 3809 1174 3868 illo
1193 3811 1258 3869 loco

84 3899 182 3956 Varro
206 3889 308 3956 ‘duo’
329 3897 372 3956 ait
393 3890 476 3956 ‘suns
498 3916 609 3974 genera
628 3891 787 3956 Saliorum'
811 3898 959 3974 huiusque
980 3897 1025 3957 rei
1043 3899 1152 3956 testem
1171 3899 1259 3957 affert

84 3989 150 4064 ipsa
169 3985 319 4046 Saliorum
344 3985 488 4064 carmina,
512 3990 602 4063 atque
621 3987 802 4064 percipimus
822 3987 994 4047 memoriam
1013 3986 1143 4044 Varroni
1160 3987 1258 4046 Livio-

85 4095 142 4152 que
172 4075 295 4135 subesse
324 4094 342 4133 a
368 4079 535 4135 ceterorum
558 4077 823 4153 grammaticorum
846 4075 1146 4136 commentationibus
1169 4077 1258 4152 plane

87 4167 213 4224 alienam
232 4164 432 4240 haustamque
453 4183 488 4222 ex
505 4165 580 4242 ipsis
600 4165 788 4225 sacerdotum
807 4165 892 4224 libris
911 4165 1060 4224 fabulisve
1075 4165 1189 4224 sacris.»
1210 4166 1258 4225 Sic

86 4255 180 4331 igitur
198 4253 432 4312 concludendum
453 4256 512 4328 est,
536 4255 589 4312 hos
610 4255 719 4332 Salios,
744 4255 794 4332 qui
813 4256 883 4313 fana
901 4253 1011 4312 Pauori
1029 4253 1200 4331 Pallorique
1220 4256 1257 4313 ab

86 4341 226 4420 Hostilio,
249 4345 284 4401 ut
308 4341 388 4403 fama
414 4345 492 4420 erat,
516 4343 615 4403 dicata
632 4343 858 4421 ministrabant,
883 4342 1016 4404 diversos
1036 4360 1100 4402 esse
1121 4344 1158 4403 ab
1177 4343 1258 4422 Ago·
