2762 4998
123 138 188 202 316
560 137 592 193 Β.
611 136 854 192 Maurenbrccher:

126 307 259 378 Quorum
284 306 417 366 omnium
440 306 603 382 sententias
627 306 713 383 quasi
735 307 766 365 in
789 326 881 366 unum
904 309 1031 368 contuIIt
1050 308 1170 369 Servius
1190 301 1330 388 (schol.

126 387 215 476 Dan.)
227 396 265 454 ad
275 393 350 455 Aen.
361 395 438 454 VIII
448 397 524 456 285:
545 389 663 454 ‘horum
677 415 801 456 numero
815 395 965 456 Hostilius
980 393 1149 478 <totidem>
1168 398 1331 474 addidit;

124 505 195 544 nam
218 486 277 544 duo
302 487 372 544 sunt
394 503 506 561 genera
528 484 687 561 Saliorum,
711 485 789 544 sicut
811 485 842 544 in
861 485 1026 547 Saliaribus
1049 487 1238 546 carminibus
1269 488 1328 545 in-

124 575 247 634 venitur
266 573 374 633 Oollini
394 577 424 634 et
444 573 611 644 Quirinales
631 593 649 632 a
667 574 767 634 Numa
784 574 925 652 instituti,
945 577 982 635 ab
1001 575 1131 636 Hostilio
1151 595 1223 636 vero
1251 576 1326 634 Pa-

125 663 201 723 vorii
225 664 256 722 et
274 663 397 722 Pallorii
420 663 565 738 instituti3
589 663 760 722 habuerunt
782 681 853 724 sanc
877 666 908 723 et
927 665 1089 724 Tusculani
1107 665 1202 725 Salios
1232 669 1327 724 ante

126 753 285 812 Romanoa.
318 751 395 811 Alii
412 752 537 834 dicunt
552 750 667 810 Salium
682 743 828 828 quendam
843 752 964 813 Arcada
977 754 1078 832 fuisse,
1093 755 1145 832 qui
1159 755 1326 814 Troianis

126 843 244 902 iunctus
264 842 342 900 huno
357 842 462 900 ludum
475 841 507 900 in
521 841 613 900 sacris
627 841 800 916 instimerit,
820 843 988 902 nonnulli
1002 847 1105 902 tamen
1121 845 1174 903 hos
1190 863 1208 902 a
1222 844 1325 902 Dar-

61 973 68 988 .
128 933 205 992 dano
228 930 385 990 institutos
408 931 527 1005 volunt,
553 931 606 1006 qui
629 929 873 991 Samothracibus
897 932 954 992 diis
977 951 1062 992 sacra
1084 933 1326 1009 persolverent.

131 1021 281 1092 Quidam
301 1020 392 1079 etiarn
411 1019 513 1078 dicunt
533 1018 629 1078 Salios
649 1020 792 1080 aMorrio
806 1021 1122 1098 regeVeientanorum
1135 1022 1326 1096 institutos

128 1113 163 1169 ut
186 1109 296 1168 Alcsus
317 1109 451 1184 Neptuni
478 1108 558 1167 filius
586 1127 690 1167 corum
719 1110 849 1168 carmine
876 1111 1063 1188 laudaretur,
1092 1111 1142 1186 qui
1168 1111 1325 1170 eiusdem

131 1199 211 1276 regis
231 1198 364 1256 familiae
383 1199 488 1258 auctor
506 1197 631 1257 ultimus
651 1191 730 1258 suit'
764 1197 846 1266 Quae
861 1201 897 1258 de
912 1199 1000 1260 Saliis
1015 1199 1138 1260 collinis
1152 1199 1326 1260 Pavoriis-

129 1307 187 1365 que
213 1289 320 1361 tradit,
345 1286 481 1348 Serrium
504 1287 596 1346 verbo
619 1289 706 1346 tenus
726 1306 742 1346 e
761 1287 896 1348 Varrone
915 1289 1106 1366 exscripsisse
1124 1290 1225 1366 patet,
1255 1290 1323 1348 du-

129 1379 238 1454 plicem
256 1377 340 1436 illam
361 1377 540 1436 sententiam
558 1377 594 1435 de
610 1375 724 1436 Graeca
739 1377 888 1436 Saliorum
908 1379 1031 1456 origine,
1051 1397 1142 1456 quam
1161 1378 1324 1438 e‘Verrio

130 1469 235 1526 Flacco
254 1466 356 1524 hausit
375 1465 549 1543 scholiasta,
573 1466 698 1524 alteram
718 1466 873 1526 Polemoni
890 1467 1070 1545 periegetae,
1093 1469 1222 1527 alteram
1244 1467 1322 1527 Cri-

130 1558 210 1616 tolao
230 1555 348 1615 cuidam
367 1554 469 1613 deberi
488 1555 623 1630 sequitur
640 1573 655 1612 e
670 1553 760 1615 Festo
775 1576 803 1631 p.
819 1558 883 1615 482
900 1547 995 1638 (326)
1015 1550 1123 1616 ‘Salios
1137 1577 1155 1616 a
1170 1558 1323 1616 saliendo
1361 1569 1363 1576 ’

131 1649 161 1705 et
180 1645 317 1704 saltando
337 1642 432 1703 dictos
452 1661 516 1702 csse
536 1643 671 1719 quamvis
692 1643 823 1703 dubitari
841 1663 900 1704 non
915 1645 1031 1722 debeat,
1045 1649 1146 1705 tamen
1160 1646 1321 1706 Polemon

130 1735 174 1794 ait
196 1733 315 1793 Arcada
339 1733 487 1809 quendam
510 1733 604 1791 fuisse
629 1733 748 1792 nomine
773 1732 899 1812 Salium,
925 1753 1014 1810 quem
1038 1734 1156 1794 Aeneas
1179 1755 1197 1794 a
1220 1737 1321 1794 Man-

130 1824 214 1883 tinea
231 1823 264 1880 in
276 1821 398 1880 Italiam
418 1821 583 1900 deduxerit,
602 1821 655 1898 qni
668 1822 792 1882 iuvenes
806 1822 927 1883 Italicos
943 1818 1096 1884 ἐνόπλιον
1111 1825 1317 1884 saltationem

131 1911 274 1973 docuerit.
311 1909 354 1970 At
373 1909 522 1970 Critolaus
541 1909 668 1969 Saonem
687 1928 723 1968 cx
742 1910 935 1972 Samothrace
954 1931 1022 1972 cum
1041 1912 1143 1972 Aenea
1161 1913 1232 1973 daos
1251 1914 1319 1971 Pe-

132 2004 218 2061 nates
243 2001 295 2077 qui
313 1999 472 2061 Lavinium
495 2000 695 2078 transtulerit,
718 2001 826 2059 saliare
845 2019 941 2077 genus
964 2002 1093 2061 saltandi
1110 1995 1321 2079 inst'tuiasc'3

132 2090 302 2151 Polemonis
323 2089 502 2148 sententiam
518 2087 639 2148 Servius
658 2090 774 2165 profert
792 2090 830 2149 ad
845 2090 919 2149 Aen.
931 2090 1005 2150 VIII
1017 2093 1094 2151 663:
1113 2084 1177 2150 ‘alii
1192 2109 1209 2150 a
1224 2090 1319 2150 Salio

133 2181 253 2240 Aeneae
272 2178 380 2238 comite
399 2177 495 2238 dictos
509 2171 635 2255 volunt',
655 2179 690 2238 of.
706 2182 862 2254 praeterea
876 2179 955 2239 Plut.
970 2180 1059 2239 Num.
1075 2199 1098 2240 c.
1111 2181 1165 2240 13:
1185 2174 1319 2240 ι(ἅλιον

132 2267 168 2330 δὲ
192 2265 381 2343 ἐκλήθηταν,
405 2262 465 2342 οὐχ
489 2261 533 2326 bc
557 2261 636 2327 ἔνιοι
659 2266 903 2344 μυθολογοῡτιν,
927 2263 1130 2348 (αμόθρᾳκοτ
1149 2263 1317 2343 scopora

135 2354 335 2432 Μαντινέως,
369 2351 473 2432 ὄνομα
500 2351 629 2431 (αλίου,
658 2351 788 2430 πρώτου
817 2355 875 2432 τήν
902 2353 1056 2418 ἐνόπλιον
1083 2353 1319 2419 ἐκδιδάξαντος

134 2443 276 2522 ὄρχητιν,
305 2440 388 2505 ἀλλὰ
416 2444 539 2520 μᾶλλον
565 2440 630 2505 ἀπὸ
656 2446 711 2519 τῆ(
735 2441 897 2520 ὀρχήτεω(
920 2442 1016 2521 αὐτῆς
1040 2441 1167 2521 ἁλτικῆτ
1190 2441 1316 2521 otene?

134 2537 277 2596 Varronis
302 2536 380 2594 mira
402 2535 439 2594 de
463 2534 551 2593 Saliis
574 2534 710 2595 Pavoriis
733 2534 932 2613 Palloriisque
954 2537 1087 2594 narratio
1111 2537 1202 2594 etiam
1220 2535 1317 2596 Livio

135 2627 255 2704 cognita
269 2625 362 2684 fuisse
376 2623 504 2698 videtur,
519 2623 599 2700 quod
613 2623 737 2698 colligas
747 2642 868 2683 necesse
879 2627 925 2683 est
935 2643 971 2682 ex
980 2624 1045 2683 Liv.
1054 2625 1071 2684 I
1081 2627 1172 2701 27,7:
1187 2618 1316 2684 ‘Tullus

134 2716 166 2774 in
189 2734 221 2774 re
248 2713 367 2789 trepida
390 2712 545 2771 duodecim
567 2711 650 2771 vovit
673 2710 769 2772 Salios
792 2713 921 2790 fanaque
944 2712 1057 2772 Pallori
1080 2717 1111 2772 et
1135 2705 1316 2796 Pavori’¹);

134 2825 207 2864 nam
226 2802 345 2862 etiamsi
363 2801 498 2862 conditos
517 2819 535 2858 a
554 2800 642 2861 Tullo
660 2819 732 2878 rege
746 2801 893 2862 Pallorios
909 2801 1007 2862 Salios
1026 2821 1091 2862 esse
1110 2803 1228 2878 copiose
1247 2822 1314 2862 non

135 2893 243 2953 affatur
257 2891 371 2967 Livius,
390 2893 490 2949 tamen
508 2891 585 2949 hanc
602 2890 737 2949 fabulam
755 2891 787 2949 in
805 2891 903 2950 animo
919 2911 987 2950 eum
1001 2891 1141 2951 habuisse
1156 2892 1315 2950 allusisse-

136 3003 193 3060 que
212 2982 250 3040 ad
269 3000 335 3040 eam
353 2981 462 3040 collato
481 2978 617 3039 Varrone
636 2979 775 3040 afficitur.

224 3071 291 3130 Duo
310 3069 405 3146 igitur
424 3070 611 3128 sacerdotum
627 3067 776 3128 Saliorum
795 3069 917 3128 fuerunt
934 3070 1069 3147 collegia,
1089 3087 1215 3146 quorum
1233 3070 1313 3128 alte-

135 3162 198 3220 rius
217 3160 364 3236 templum
383 3159 415 3217 in
429 3157 567 3217 Palatino
582 3160 692 3234 monte,
712 3158 835 3218 alterius
852 3157 884 3216 in
898 3158 1045 3229 Quirinali
1059 3159 1130 3236 fuit3
1149 3158 1310 3235 utriusque
1369 3179 1370 3190 ¹

136 3251 172 3309 de
192 3249 306 3324 origine
323 3248 401 3308 nihil
418 3247 479 3306 iam
499 3246 632 3306 sciebant
651 3246 781 3324 antiqui,
804 3247 907 3324 Itaque
926 3267 944 3306 a
962 3249 1084 3324 regibus
1104 3247 1223 3307 condita
1243 3267 1310 3308 esse

135 3338 359 3416 fabulabantur,
377 3337 408 3395 in
428 3355 462 3396 eo
476 3355 547 3396 vero
562 3338 777 3396 consenserunt
792 3331 838 3414 (et
855 3337 911 3397 hoc
926 3338 1086 3396 tenendum
1101 3328 1163 3418 est)
1177 3337 1309 3412 priorem

137 3429 271 3488 ordinem
285 3426 449 3487 obtinuisse
463 3426 627 3501 Palatinos,
645 3426 839 3501 posteriorem
855 3423 995 3486 Collinas.
1024 3427 1124 3503 Atque
1138 3425 1185 3484 his
1199 3445 1308 3485 nomen

137 3517 347 3593 Agonensibus
369 3515 463 3576 fuisse
487 3533 554 3574 cum
579 3514 759 3591 reperirent,
785 3515 843 3574 alio
863 3515 940 3574 alius
959 3515 1047 3575 modo
1066 3514 1255 3593 grammatici
1273 3518 1308 3573 ut

137 3625 246 3666 nomen
267 3608 423 3666 vetustum
445 3607 475 3663 et
500 3622 519 3663 a
544 3602 649 3680 lingua
671 3602 767 3662 latina
789 3604 920 3663 alienum
942 3603 1215 3680 interpretarentur
1239 3622 1305 3679 ope-

137 3715 203 3754 ram
220 3696 382 3772 navarunt,
406 3694 491 3754 velut
508 3691 605 3770 Varro
625 3693 662 3751 de
680 3693 700 3753 l.
718 3691 797 3751 LVI
813 3695 867 3752 12:
892 3687 966 3752 ‘dies
986 3694 1142 3770 agonales,
1160 3711 1214 3769 per
1233 3711 1306 3769 quos

136 3804 189 3845 rex
207 3784 238 3842 in
256 3783 342 3860 regia
361 3783 484 3842 arietem
504 3782 640 3841 immolat
658 3781 730 3841 dicti
749 3782 786 3841 ab
806 3801 915 3860 agone,
940 3801 988 3857 eo,
1008 3783 1086 3858 quod
1104 3783 1307 3857 interrogatur

138 3895 156 3934 a
174 3873 307 3950 principa
326 3871 456 3932 civitatis
476 3874 506 3930 et
523 3872 661 3946 priuceps
677 3871 776 3949 gregis
790 3864 989 3948 immolatur'3
1009 3871 1153 3930 Varronis
1167 3870 1305 3931 aliorum·

140 3983 197 4042 que
217 3962 415 4040 etymologias
434 3961 526 4020 habes
545 3960 624 4036 apud
644 3958 785 4021 Ovidium
802 3959 882 4020 Fast.
898 3961 913 4018 I
929 3963 990 4020 319
1003 3979 1059 4037 sq:

229 4115 254 4182 1)
274 4113 296 4167 Ε
315 4112 394 4168 leio
413 4113 566 4167 hauserunt
583 4109 747 4166 Lactantius
766 4112 830 4167 inst.
850 4111 906 4167 div.
921 4111 935 4166 Ι
950 4117 993 4179 20,
1010 4116 1055 4165 11:
1078 4111 1224 4166 ‘Pavorem
1244 4110 1303 4164 Pal-

138 4187 284 4255 loremque
304 4184 401 4238 Tullus
420 4181 557 4238 Hostilius
576 4181 708 4252 figuravit
726 4184 755 4238 et
773 4182 871 4238 ccluit'
893 4184 922 4236 et
941 4182 1114 4253 Augustinus
1134 4182 1168 4236 de
1188 4180 1240 4236 civ.
1254 4180 1304 4236 Dei

138 4257 177 4311 IV
192 4263 239 4312 28:
260 4254 408 4311 ‘Hostilius
427 4257 503 4310 certe
522 4271 570 4309 rex
589 4253 656 4308 deos
677 4258 704 4308 et
722 4253 782 4325 ipse
802 4271 890 4310 novos
909 4256 1044 4310 Pavorem
1064 4255 1148 4322 atque
1167 4253 1301 4307 Pallorem

138 4328 331 4400 propitiandos
349 4344 405 4382 non
423 4325 624 4383 introduceret'
646 4328 698 4381 etc.
