2762 4998
397 145 558 200 Garminum
577 143 726 199 Saliarium
744 143 887 214 reliquiae.
1169 149 1233 212 337

43 307 179 373 ‘Lucia'
194 315 348 390 appellata
362 317 409 374 est
428 315 491 394 dea,
511 318 545 374 ut
563 317 669 391 postea
682 313 797 373 Lucina
814 315 865 375 vel
879 315 926 374 uti
939 283 1076 392 Iuppiter
1089 317 1234 378 Lucerius

41 404 121 463 sive
140 403 299 478 Lucetius,
319 403 483 482 Volumna,
506 404 591 482 quasi
614 404 719 463 favens
742 404 906 480 volensque
928 405 1046 466 faminis
1064 408 1234 482 parturien-

39 493 152 568 tibus,
177 497 286 568 postea
303 512 374 552 vero
394 494 491 552 solum
510 511 674 571 cognomen
692 493 767 551 illud
786 485 958 553 ‘Volumna'
978 497 1015 554 de
1034 496 1157 556 Iunonis
1176 495 1233 555 Lu-

40 583 119 640 ciae
134 576 199 662 (vel
215 577 358 662 Lucinae)
374 583 542 642 Volumnae
555 583 674 642 nomine
689 582 822 641 solutum
836 583 1007 660 semideam,
1022 604 1099 661 quae
1113 604 1233 646 nascen-

42 671 137 730 tibus
151 671 455 750 parturientibusque
469 672 601 750 praefuit
616 671 817 748 significabat,
836 674 915 748 quod
930 674 1049 750 saepius
1063 674 1106 734 ita
1120 675 1233 734 factum
1296 735 1302 748 ,

41 779 120 819 esse
139 780 229 820 nemo
249 763 296 820 est
315 761 386 838 quin
407 763 490 822 sciat.

146 887 283 946 Versus
301 886 484 947 Minervii:
504 888 622 946 Desunt
640 888 818 964 fragmenta.

145 1009 297 1070 Carmen
314 1011 349 1069 in
368 1011 504 1070 Iovem:

145 1127 180 1194 6.
240 1134 397 1204 Quomne
415 1139 534 1212 tonas,
553 1135 743 1210 Loucesic,

239 1224 327 1283 Prae
347 1225 407 1283 ted
425 1225 601 1284 tremonti
619 1228 779 1300 quotque
799 1257 841 1265 -
861 1224 1035 1285 virei'dei.

145 1340 343 1396 Testimon.:
363 1341 475 1395 Terent.
491 1341 586 1394 Scanr.
603 1339 694 1408 (le.
710 1339 804 1409 2st
826 1339 1009 1394 ‘Aduerbium
1029 1343 1124 1394 autem
1143 1359 1194 1411 per
1213 1361 1232 1412 q

47 1411 159 1464 debeat
177 1410 275 1480 scribi,
301 1415 334 1467 ut
357 1429 459 1480 „quom
482 1411 641 1480 legissem“,
665 1427 767 1480 „quom
787 1410 942 1478 fecissem“,
966 1410 1098 1480 quoniam
1123 1413 1233 1482 antiqui

48 1499 105 1550 pro
125 1481 180 1536 hoc
200 1482 333 1538 adverbio
353 1485 511 1552 „quomne“
531 1482 675 1551 dicebant,
694 1483 727 1536 ut
745 1481 838 1536 Numa
856 1482 886 1536 in
905 1481 1006 1538 Saliari
1025 1484 1158 1538 carmine’
1178 1489 1231 1539 etc.

50 1585 83 1590 -
98 1551 200 1607 Festus
214 1573 241 1623 p.
256 1560 309 1608 244
324 1555 410 1624 (205):
432 1553 514 1608 ‘Prae
532 1555 581 1607 ted
595 1553 737 1621 tremonti,
756 1557 949 1624 praetremunt
962 1554 1012 1608 te'
1027 1585 1059 1594 -
1073 1555 1231 1610 Macrobius

47 1623 63 1675 l
83 1630 125 1688 15,
143 1631 188 1679 14:
211 1625 293 1679 ‘Cum
307 1625 403 1680 Iovem
420 1625 591 1694 accipiamus
606 1626 676 1678 lucis
691 1630 843 1694 auctorem,
862 1627 935 1679 unde
955 1627 985 1679 et
1000 1627 1147 1680 Lucetium
1163 1627 1234 1680 Salii

47 1695 81 1747 in
101 1695 274 1750 carminibus
294 1697 418 1750 canunt’

144 1775 219 1830 Ver.
239 1777 330 1833 lect:
355 1775 493 1846 Quemne]
513 1777 620 1830 correrii
638 1777 688 1842 bis,
706 1777 768 1830 uide
785 1777 873 1842 iutra,
892 1776 974 1829 cuine
993 1777 1070 1831 codd.
1086 1776 1186 1832 Scauri
1204 1777 1232 1829 B

50 1853 77 1900 et
92 1847 120 1899 P
131 1853 156 1901 et
170 1849 202 1900 iu
216 1849 369 1917 fragmento
384 1853 409 1901 et
423 1849 454 1900 iu
467 1847 642 1918 grammatici
654 1848 751 1913 uerbis,
771 1863 851 1901 cume
861 1847 974 1915 Putsch,
992 1863 1055 1900 cum
1071 1863 1086 1900 e
1101 1848 1231 1915 Ribbeck,

51 1934 127 1985 qune
145 1917 269 1985 Jorduu,
294 1935 395 1986 quome
414 1918 556 1984 Bc'itrcus,
580 1923 683 1986 quomc
701 1918 819 1973 Zuuder.
840 1949 872 1957 -
897 1917 991 1988 tonas]
1015 1935 1083 1973 corr.
1106 1919 1229 1987 Oorsecu,

49 2006 140 2055 ponas
160 1990 226 2042 BP.
246 2021 282 2030 -
300 1989 446 2060 Leucesie]
465 1989 614 2044 Leucesiae
633 1991 702 2055 BP,
725 1988 857 2044 Leucosia
880 1990 961 2057 culpo
977 1996 1040 2058 post
1060 1989 1230 2058 Oorsseuuru,

47 2060 183 2114 Leucetie
201 2061 327 2115 Duatacr
345 2067 369 2114 et
387 2059 509 2127 Jcrduu,
533 2058 666 2114 boucesie
690 2076 737 2130 epo
760 2061 897 2130 colosso,
920 2061 981 2114 uide
999 2061 1086 2127 iufra.
1108 2093 1140 2100 -—
1160 2061 1229 2116 Prae

48 2131 100 2183 ted
127 2132 272 2202 tremonti]
303 2133 466 2200 praetexere
489 2131 578 2186 monti
601 2133 663 2184 BP
680 2132 796 2197 Scauri,
825 2132 919 2199 pretet
948 2132 1081 2185 tremonti
1104 2132 1135 2185 F
1153 2132 1233 2188 Festi

51 2204 99 2268 (ccc
118 2208 235 2272 apogr),
254 2219 323 2257 corr.
338 2203 438 2272 Berpt,
457 2202 581 2256 trement
593 2202 713 2269 Jorduu,
730 2199 780 2271 'qur'
793 2202 928 2256 homones
942 2203 1031 2270 addit,
1050 2205 1112 2272 prai
1130 2208 1156 2258 ct
1173 2207 1229 2258 tre·

50 2275 148 2327 monte
163 2273 281 2328 Zuuder.
298 2306 330 2313 —
347 2277 471 2342 quotque
490 2273 560 2328 virei
580 2274 637 2344 dei]
658 2277 726 2342 quot
744 2275 805 2327 ibet
823 2273 910 2327 etinei
927 2273 962 2326 de
976 2273 1000 2326 is
1020 2274 1113 2342 (eunei
1132 2275 1167 2328 da
1186 2275 1230 2328 his

52 2344 92 2411 P)
113 2361 176 2398 cum
195 2346 324 2398 tonarem
339 2346 412 2412 BP,
432 2361 487 2412 quo
505 2343 620 2398 tibimet
638 2345 719 2398 cunei
739 2345 887 2398 dehiscunt
907 2342 1034 2412 Gorseeu,
1058 2361 1143 2413 quom
1161 2344 1232 2400 tibei

53 2415 136 2468 cunei
160 2417 336 2470 decatumnm
360 2419 494 2470 tonaront
517 2416 621 2484 Berplr,
649 2415 729 2482 quoti
751 2415 797 2468 ibe
820 2417 863 2468 tet
887 2414 940 2468 viri
963 2415 1112 2470 audeisunt
1134 2419 1231 2471 tonare

52 2485 158 2553 Horat,
182 2488 253 2554 quot
270 2487 377 2554 †ibet†
396 2487 523 2541 hemonis
548 2487 614 2540 dcvi
637 2487 766 2540 conctum
790 2502 867 2539 mare
886 2485 1027 2553 Bithreus,
1051 2485 1232 2560 quot<qu0t>

53 2556 221 2630 ubei<que>
236 2558 364 2612 hemunis
380 2557 485 2612 deiveis
499 2557 620 2625 Zuuder,
637 2559 686 2626 qui
700 2558 829 2611 conatum
846 2573 922 2610 mare
936 2575 949 2610 e
964 2558 1133 2614 Baehreusio
1147 2563 1231 2613 sumit

54 2629 151 2683 addito
175 2627 305 2700 m<ontes
329 2627 480 2701 campos),
504 2632 573 2696 quot
595 2628 636 2682 ibi
660 2631 702 2682 est
726 2629 841 2697 „cuine“
864 2627 893 2681 id
920 2631 964 2682 est
987 2631 1087 2697 „cum“
1111 2631 1232 2684 restituit

53 2701 287 2770 grammaticaque
305 2703 346 2756 uel
363 2701 509 2770 glossatori
527 2701 638 2755 cuidam
657 2701 755 2754 tribuit
773 2701 890 2755 Jorduu.

143 2804 334 2865 Oomment.
371 2807 483 2866 Vocem
514 2807 600 2866 illam
633 2825 731 2884 quam*
755 2824 809 2880 pro
843 2797 933 2864 ‘cum'
963 2807 1043 2862 stare
1072 2806 1230 2865 Terentius

55 2893 187 2954 Scaurus
202 2898 334 2954 testatur
350 2895 480 2970 incipere
499 2915 517 2954 a
535 2895 638 2954 littera
657 2915 676 2970 q
695 2914 731 2953 ex
750 2894 883 2953 eiusdem
898 2893 997 2952 verbis
1012 2894 1118 2971 elucet,
1137 2914 1230 2970 quare

54 3002 107 3057 pro
127 3003 162 3042 ea
186 3003 277 3060 qnam
294 2985 326 3042 in
345 2983 465 3044 Scauris
484 2983 570 3043 libris
588 2985 734 3044 habemus
760 2982 888 3042 lectione
912 2984 992 3041 certe
1016 2983 1122 3042 insana
1141 2985 1230 3044 corri-

54 3073 209 3149 gendaque
224 3074 399 3133 adverbium
414 3093 432 3132 a
447 3092 466 3149 q
479 3073 630 3149 incipiens,
646 3073 730 3132 velut
744 3089 837 3146 quoru,
853 3071 1043 3130 scribendum
1057 3074 1112 3149 est,
1128 3077 1231 3132 tamen

55 3161 174 3220 minime
188 3163 376 3237 probandum
389 3163 510 3222 Iordani
524 3181 598 3236 quare
611 3193 648 3202 -
665 3179 793 3237 quocum
807 3160 858 3219 ille
873 3161 1040 3235 comparari
1053 3161 1143 3220 iussit
1157 3161 1230 3220 Um·

55 3250 175 3309 brorum
193 3269 275 3324 puae
303 3269 337 3310 ac
355 3269 454 3326 porcae
478 3283 534 3328 -,
562 3252 672 3327 quippe
696 3271 786 3326 quam
809 3250 938 3309 formam
961 3249 1102 3309 ficticium
1128 3271 1231 3310 omnes

54 3339 173 3416 linguae
187 3341 300 3400 latinae
314 3343 438 3416 regulae
453 3345 660 3416 aspernantur.
693 3339 795 3398 Etiam
809 3338 907 3414 magis
921 3339 1141 3414 repudiandum
1155 3341 1231 3399 illud

55 3446 137 3500 quoru
160 3447 187 3505 e,
215 3431 326 3488 etenim
350 3448 365 3488 c
387 3430 535 3506 particula
558 3450 617 3489 non
641 3429 846 3506 postponitur,
870 3428 922 3486 sed
943 3429 1140 3504 praeponitur
1162 3430 1232 3489 voci

56 3517 92 3574 ad
106 3537 197 3594 quarn
210 3518 367 3578 referenda
382 3523 436 3593 est,
455 3521 540 3578 velut
555 3519 702 3596 equidem,
722 3521 847 3592 ecastor,
866 3517 985 3594 edepol,
1004 3521 1114 3596 eccere,
1134 3512 1162 3577 ‘t
1176 3538 1230 3578 nos

56 3601 174 3666 iuvate'.
221 3608 326 3684 Neque
350 3607 457 3667 melius
482 3611 528 3668 est
552 3609 678 3667 Zanderi
702 3615 824 3684 quomo,
849 3607 927 3683 quod
950 3607 1002 3664 ille
1026 3607 1229 3666 -horribile

57 3695 134 3754 dictu
154 3728 197 3736 -
216 3715 252 3754 ex
271 3690 409 3770 ‘quosue'
430 3700 529 3756 ortum
549 3717 614 3758 esse
634 3698 713 3760 vult!
752 3695 810 3756 Sed
830 3695 942 3772 optimo
962 3697 1027 3754 iure
1047 3695 1230 3756 Umbrorum

58 3785 232 3858 particulam
246 3786 351 3844 attulit
370 3787 493 3863 Jordan,
513 3787 626 3846 scilicet
645 3787 772 3846 similem
791 3786 880 3844 huius
899 3785 1028 3844 formam
1047 3784 1176 3846 Scaurus
1199 3787 1231 3844 in

58 3875 183 3933 carmine
207 3874 318 3951 legisse
342 3875 474 3953 videtur;
504 3876 623 3934 illorum
652 3879 753 3934 autem
776 3877 889 3934 formae
914 3867 1029 3948 ‘purae'
1053 3875 1149 3932 latina
1177 3879 1231 3934 aut

59 3955 208 4034 ‘quemue’
225 3965 277 4022 aut
294 3957 449 4037 ‘quomaue'
465 3967 671 4039 responderet,
690 3983 819 4042 namque
834 3963 998 4040 quaeritur,
1017 3967 1119 4021 utrum
1133 3982 1232 4038 porrus

61 4052 250 4128 compositum
265 4053 306 4112 sit
320 4073 355 4112 er
367 4046 455 4128 ‘pora'
471 4047 590 4136 (quom)
606 4075 673 4113 cum
688 4046 746 4113 ‘de'
760 4074 799 4112 an
814 4073 881 4113 cum
892 4045 951 4112 ‘ue'
958 4076 965 4128 ς
980 4051 1055 4110 illud
1071 4052 1231 4112 voluerunt

64 4139 264 4201 Umbrioarum
287 4142 483 4218 reliquiarum
505 4143 700 4220 interpretes,
726 4144 903 4221 quibuscum
925 4141 998 4199 facit
1023 4141 1115 4200 etiam
1133 4141 1230 4220 Brug-

62 4248 143 4288 mann
161 4229 315 4299 „Gruuda
335 4232 362 4292 d.
382 4234 468 4305 cergi.
485 4231 637 4292 Grumm.“
657 4234 681 4290 Ι
690 4251 723 4306 p.
739 4234 811 4300 373,
830 4232 886 4289 hoc
905 4230 977 4288 mihi
997 4231 1092 4288 multo
1110 4231 1231 4290 videtur

64 4319 118 4378 veri
137 4321 262 4380 similius
283 4339 348 4380 esse
367 4321 485 4381 collatis
497 4309 613 4396 puuuc,
627 4325 739 4396 postia,
754 4325 871 4394 postue,
883 4336 997 4392 perus,
1018 4337 1142 4392 superae
1160 4319 1231 4378 Um-

109 4429 187 4472 Jahrb.
203 4429 217 4468 f.
233 4430 301 4468 class.
316 4429 398 4470 Philol.
427 4429 505 4479 Suppl.
520 4430 561 4469 Bd.
576 4430 639 4470 XXI.
984 4423 1017 4470 22
