2762 4998
144 124 208 188 322
584 125 616 180 Β.
635 125 880 182 Maurenbrecher:

144 315 160 353 e
187 293 294 371 quibus
318 296 456 353 constant
478 295 611 354 carmina
634 297 762 354 fratrum
780 294 951 372 Arvalium,
974 295 1103 355 minores
1124 296 1269 374 hymni,
1297 297 1354 372 qui

144 383 267 443 Homeri
287 382 456 460 Orpheique
480 387 535 444 sub
553 386 672 444 nominc
691 386 842 463 feruntur,
867 385 915 445 vel
935 385 1039 460 hymni
1063 385 1196 462 quidam
1221 384 1351 444 Vedici

232 473 346 532 Deinde
370 473 398 532 61
420 475 590 549 quaerimus
615 493 761 551 quosnam
783 475 814 532 in
838 475 909 533 deos
933 474 1075 551 hymnis
1095 473 1194 532 Saliis
1220 475 1351 533 cantati

145 562 219 636 sint,
243 563 384 622 certiores
407 561 495 622 fimus
518 565 583 623 loco
607 564 695 622 Pauli
720 583 810 640 supra
833 564 955 622 laudato
979 563 1072 623 fuisse
1095 567 1127 622 et
1148 567 1349 640 axamenta,

143 652 252 728 quibus
277 669 378 711 omnes
402 652 450 710 dei
474 653 603 713 invocati
625 656 706 727 sunt,
732 655 763 712 et
781 671 884 712 versus
903 653 935 710 in
953 652 1024 711 deos
1044 653 1183 729 singulos
1211 672 1346 729 compo·

76 741 77 746 ’
143 741 217 799 61166
236 741 321 799 velut
334 741 466 818 Ianulos‚
485 741 634 820 Iunonius,
654 742 826 803 Minervios.
860 741 992 811 Quocum
1011 741 1037 800 si
1052 741 1134 817 ipsas
1148 743 1345 801 carminum

143 829 284 905 reliquias
301 848 515 910 comparamus,
530 834 755 890 axamentorum
771 831 890 907 quidem
901 834 930 890 et
940 831 1079 890 Minervii
1089 831 1249 890 carminis
1263 831 1346 889 nihil

122 923 124 928 '
143 921 274 977 aetatem
297 919 403 979 tulisse
421 920 553 998 videtur,
577 921 676 978 Ianuli
694 940 765 980 vero
785 923 889 980 cantus
908 921 957 980 vel
975 921 1128 996 complura
1147 921 1347 997 fragmenta

144 1007 308 1082 superstite
326 1012 410 1083 sunt,
430 1028 505 1086 quae
524 1011 603 1068 infra
621 1011 764 1086 leguntur
782 1010 818 1069 fr.
839 1011 937 1088 1-4,
955 1009 1081 1068 Iunonie
1101 1009 1241 1068 carmini
1264 1010 1304 1067 fr.
1323 1011 1342 1068 5

143 1095 368 1156 attribuendum
397 1117 462 1158 esso
490 1099 601 1174 opinor.
621 1123 626 1134 ·
644 1098 744 1157 Etiam
768 1099 800 1156 in
819 1099 893 1158 alios
913 1101 983 1158 deos
1006 1102 1127 1174 praeter
1151 1117 1228 1175 eos,
1260 1117 1342 1174 quos

143 1184 268 1245 Verrius
283 1189 423 1264 testatur,
442 1187 569 1265 hymnos
584 1207 602 1248 e
617 1187 706 1248 Saliis
723 1187 818 1246 factos
834 1206 898 1247 6666
913 1189 1083 1264 fragmenta
1097 1189 1223 1266 docent,
1248 1189 1342 1248 velut

141 1275 277 1351 Iuppiter
300 1275 444 1336 Lucerius
474 1278 591 1336 canitur
616 1278 652 1337 fr.
673 1279 705 1354 6,
733 1277 897 1336 Mamurius
927 1269 1030 1357 (quem
1058 1277 1191 1336 Martem
1225 1278 1340 1354 potius

141 1365 309 1440 putandum
336 1384 400 1424 esse
426 1367 504 1425 infra
528 1360 705 1447 exponetur)
731 1367 767 1424 fr.
792 1369 825 1443 8,
851 1367 913 1426 divi
935 1368 1035 1424 terrac
1057 1367 1254 1442 frugumque
1283 1366 1340 1423 Sa-

142 1460 249 1513 turnus
269 1454 306 1513 fr.
323 1457 362 1512 11
383 1451 655 1532 061666661612.
689 1455 782 1513 Porro
803 1455 970 1513 Varronem
990 1473 1056 1514 cnm
1076 1456 1251 1514 memoriae
1274 1458 1339 1513 tra-

141 1543 225 1601 deret
252 1543 309 1603 duo
335 1543 429 1602 fuisse
456 1543 606 1603 Saliorum
632 1563 742 1620 genera
769 1539 864 1603 ‘sicut
888 1543 919 1601 in
945 1543 1108 1602 Saliaribus
1135 1545 1337 1603 carminibus

140 1625 313 1706 invenitnr',
327 1632 403 1690 hanc
418 1633 515 1708 ipsam
529 1652 592 1691 rem
606 1634 637 1692 in
652 1633 831 1692 carminibus
847 1633 955 1710 legisse
971 1633 1090 1691 16161166
1107 1635 1187 1692 credi
1207 1635 1335 1709 potest:

141 1741 238 1798 neque
266 1739 337 1781 vero
363 1721 511 1780 Saliorum
541 1723 672 1781 carmina
699 1721 855 1782 notissima
885 1741 952 1780 cum
976 1723 1196 1782 commentariis
1225 1741 1335 1781 sacer-

141 1810 247 1868 dotum
276 1811 455 1886 quibusdam
482 1813 635 1870 auctorem
660 1811 869 1888 gravissimum
894 1811 1062 1870 confudisse
1086 1810 1231 1887 equidem
1259 1830 1330 1870 con·

141 1899 295 1958 cesserim:
320 1919 390 1959 sane
415 1901 473 1958 duo
493 1901 547 1959 1116
565 1899 715 1960 Saliorum
734 1919 845 1976 genera
863 1901 964 1959 hausit
983 1919 999 1958 6
1018 1901 1239 1961 commentario
1264 1919 1332 1959 car-

140 1988 266 2064 minum,
287 1990 395 2048 etenim
415 1989 662 2048 commentarium
676 1991 840 2048 carminum
856 1989 1016 2048 Saliarium
1031 1989 1198 2048 Varronem
1214 1990 1253 2048 in
1270 2007 1329 2048 usu

140 2077 280 2137 habuisse
296 2079 441 2155 glossario
456 2079 633 2138 instructum
651 2079 786 2155 sequitur
802 2097 817 2136 6
831 2079 955 2155 1611666,
970 2097 1030 2154 qua
1043 2077 1217 2153 fragmenta
1233 2079 1330 2136 affert

141 2160 648 2245 (61.116611161611611666161161.1Ι
665 2167 723 2227 VII
734 2169 875 2244 26-27,
894 2169 929 2226 fr.
947 2169 1041 2241 1-4,
1062 2170 1090 2244 7,
1109 2169 1158 2242 20,
1175 2169 1232 2244 26,
1252 2159 1329 2246 27),-
1368 2215 1369 2238 ,

140 2274 203 2313 rem
226 2255 322 2332 igitur
341 2257 473 2333 aliquam
491 2260 751 2316 commemoratam
772 2275 837 2315 esse
860 2256 890 2314 in
914 2257 1057 2330 carmine,
1081 2275 1170 2331 quam
1190 2257 1233 2314 ad
1255 2257 1327 2314 illu·
1368 2271 1369 2278 ¹

144 2345 297 2403 strandam
316 2346 374 2404 duo
394 2345 447 2404 illa
466 2365 577 2423 genera
596 2346 719 2405 laudata
734 2346 802 2424 sint,
821 2346 972 2405 concludo.
1006 2346 1072 2403 Duc
1088 2363 1163 2420 quae
1178 2346 1328 2404 nominat
1368 2381 1369 2416 ᾗ

141 2452 254 2508 genera
278 2433 386 2493 Collini
415 2436 446 2494 61
469 2435 590 2496 Pavorii
614 2435 797 2512 Palloriique
821 2437 903 2494 sunt:
933 2433 1041 2492 Collini
1066 2433 1138 2491 Salii
1162 2433 1323 2493 notissimi
1368 2503 1369 2506 Ἴ

140 2526 210 2582 6661
238 2543 334 2599 neque
362 2527 421 2601 est,
455 2543 507 2584 cur
533 2525 564 2581 in
595 2524 806 2584 commentario
835 2523 1003 2582 carminare
1031 2527 1324 2597 commemorantum

140 2614 244 2670 contra
259 2612 333 2671 Salii
346 2612 467 2672 Pavorii
485 2631 634 2688 nusquam
651 2613 724 2672 alibi
737 2613 941 2672 nominantur:
961 2631 1053 2686 quare
1068 2611 1189 2685 conici0,
1208 2631 1321 2670 ansam

140 2701 312 2775 appellandi
338 2720 387 2760 eos
406 2702 633 2761 commentatori
652 2702 772 2761 dedisse
796 2704 849 2759 aut
872 2700 1054 2758 mentionem
1072 2699 1197 2760 Pavoris
1217 2701 1324 2760 Pallo-

140 2791 241 2866 risque
260 2789 292 2847 in
310 2791 439 2848 carmine
458 2792 586 2866 quodam
607 2791 718 2850 factam
739 2792 794 2849 aut
813 2821 855 2831 -
875 2787 954 2866 quod
972 2789 1046 2848 mihi
1062 2790 1183 2865 propius
1199 2791 1237 2848 ad
1254 2789 1322 2851 veri
1368 2825 1369 2832 1

141 2879 268 2954 speciem
284 2879 422 2938 accedere
437 2879 605 2939 videtur-
618 2899 738 2940 carmen
754 2879 875 2956 aliquod
889 2879 919 2937 in
933 2879 1038 2938 horum
1054 2879 1176 2937 deorum
1190 2879 1321 2938 numina

140 2970 324 3043 conceptum.
364 2967 476 3028 Contra
497 2971 531 3028 in
555 2969 700 3029 Venerem
725 2971 811 3029 deam
835 2986 954 3028 carmen
973 2987 991 3028 a
1010 2968 1097 3027 Saliis
1116 2986 1175 3026 non
1194 2985 1319 3044 compo-

141 3057 230 3116 situm
250 3061 430 3134 cantumque
450 3077 515 3118 6666
534 3059 630 3117 tradit
648 3059 816 3119 Macrobius
831 3057 908 3134 112,
922 3060 975 3116 12:
997 3051 1071 3116 ‘sed
1091 3055 1209 3117 Cincius
1228 3057 1261 3115 in
1284 3075 1318 3115 eo

140 3145 226 3218 libro,
246 3166 334 3222 quem
354 3147 389 3206 de
408 3147 495 3206 fastis
514 3147 643 3225 reliquit,
666 3149 709 3206 ait
727 3147 865 3224 imperite
884 3147 1028 3222 quosdam
1047 3145 1162 3222 opinari
1176 3145 1315 3222 Aprilem

139 3253 272 3293 mensem
292 3236 430 3313 antiquos
451 3235 595 3296 aVenere
614 3237 734 3316 dixisse,
754 3256 821 3296 curn
835 3237 935 3295 nullus
950 3236 1013 3295 dies
1028 3236 1122 3295 festus
1137 3235 1315 3312 nullumque

141 3323 317 3382 sacrificium
336 3326 452 3402 insigne
470 3325 581 3385 Veneri
599 3345 652 3402 per
670 3328 748 3386 11666
768 3345 900 3386 16666661
919 3345 937 3384 6
955 3325 1118 3384 maioribus
1137 3325 1313 3384 institutum

141 3415 189 3491 sit,
209 3413 261 3472 sed
280 3433 317 3471 66
336 3415 366 3472 16
382 3415 563 3474 carminibus
579 3417 698 3492 quidem
717 3416 865 3474 Saliorum
879 3413 1004 3472 Veneris
1021 3414 1084 3472 ulla
1097 3417 1132 3472 ut
1146 3416 1311 3473 ceterorum

140 3502 312 3562 caelestium
339 3504 406 3563 laus
435 3498 624 3566 celeb1·etur.'
652 3537 689 3546 —
715 3503 886 3564 Posteriora
914 3504 1013 3560 aetate
1036 3500 1174 3561 Herculis
1198 3503 1311 3562 cultum

139 3592 231 3653 etiam
255 3610 273 3650 6
298 3591 387 3650 Saliis
414 3596 569 3669 acceptum
595 3612 659 3653 6666
683 3611 774 3670 supra
797 3593 857 3650 1616
881 3590 1016 3666 exposui3
1045 3591 1147 3666 itaque
1171 3591 1310 3650 Herculis
1368 3613 1369 3616 ¹

139 3682 205 3739 1666
229 3681 260 3738 16
283 3681 463 3741 carminibus
488 3701 591 3741 eorum
616 3686 702 3741 canta
726 3701 792 3742 esse
810 3679 942 3755 videtur,
966 3697 1127 3755 eorumque
1146 3680 1308 3739 carminum

140 3769 218 3846 quod
241 3770 333 3829 fuerit
355 3776 567 3845 argumentum
590 3770 730 3830 discimus
754 3791 769 3829 6
788 3767 923 3843 Vergilio
942 3763 1015 3826 Aen.
1030 3767 1106 3828 VIII
1121 3771 1306 3842 raa—3023

139 3863 172 3917 at
194 3859 301 3917 harum
325 3878 425 3917 161616
448 3860 524 3917 nihil
547 3860 605 3918 1616
631 3863 713 3918 extat
736 3859 846 3919 nostris
869 3857 1032 3916 carminum
1053 3855 1213 3916 Saliarium
1232 3859 1306 3932 frag-

140 3949 257 4021 mentis,
278 3967 349 4007 sane
369 3948 502 4008 carmina
520 3951 640 4008 vetusta
658 3949 712 4008 illa
731 3951 761 4007 et
779 3946 943 4024 composita
963 3950 1033 4006 6661
1050 3948 1179 4006 etsacra
1194 3949 1302 4007 sancta-

140 4057 197 4112 que
216 4037 297 4096 facta
314 4038 410 4096 multo
430 4041 589 4113 antequam
608 4036 769 4096 Herculem
789 4035 863 4096 Selii
882 4035 1007 4095 adorare
1026 4038 1195 4112 coeperunt.

228 4126 342 4185 Deinde
362 4147 377 4186 e
393 4125 496 4186 Seruio
516 4127 554 4185 ad
569 4126 642 4184 Aen.
658 4125 733 4185 VIII
749 4128 811 4188 285
833 4119 971 4196 ‘Quidam
989 4124 1081 4184 etiam
1095 4125 1199 4184 dicunt
1213 4123 1303 4184 Salios

140 4233 158 4272 a
169 4215 280 4274 Murrio
295 4235 366 4292 rege
376 4215 612 4275 Veientanorum
625 4215 790 4294 institutos,
804 4219 839 4275 ut
849 4215 958 4274 Alcsus
971 4213 1104 4290 Neptuni
1117 4214 1196 4274 filius
1207 4231 1302 4273 eorum

139 4303 269 4364 carmine
287 4305 471 4380 laudaretur,
493 4305 545 4381 qui
563 4304 694 4364 eiusdem
714 4305 795 4383 regis
814 4304 946 4365 familiae
966 4306 1070 4364 auctor
1088 4303 1212 4363 ultimus
1230 4294 1301 4380 fuit',
