2762 4998
421 160 579 218 Garminum
600 161 749 219 Saliarium
768 162 912 232 reliquiae.
1190 163 1255 228 333

56 329 203 390 OZeul
227 331 330 407 inepta
348 333 420 390 sunt
441 333 574 412 nomina3
597 333 792 393 Etruscorum
816 334 894 392 enim
914 333 981 393 Usil
1004 332 1075 410 quid
1098 352 1164 392 cum
1183 333 1255 392 Iano

53 419 285 481 Romanorum
299 420 425 480 haberet
438 440 593 481 commune
607 441 693 482 nemo
709 423 804 482 adhuc
819 424 961 498 ostendit3
975 442 1072 499 neque
1082 420 1174 481 Ozeul
1189 441 1255 482 cum

54 509 216 569 Auseliis
235 515 396 588 cognatum
411 529 475 571 esse
489 514 591 588 potest
609 531 705 589 neque
720 513 792 570 Zeul
806 513 885 572 idem
899 531 933 572 ac
947 509 1029 572 Ζεὺ(
1044 515 1166 587 propter
1184 511 1256 570 lest

55 617 176 675 neque
205 619 248 658 eu
273 600 477 680 diphthongus
501 603 532 660 in
555 601 664 660 Latino
688 619 823 661 sermone
849 603 974 661 tolerari
997 602 1075 679 quit:
1104 602 1255 660 notionem

58 687 155 747 Solis
182 690 308 748 subesse
327 689 395 748 huic
413 691 526 749 nomini
545 691 736 750 consentiunt
750 691 837 768 docti,
857 695 958 750 tamen
976 691 1055 751 falsa
1070 692 1116 749 est
1130 689 1256 749 Zanderi

56 778 257 837 coniectura
275 771 386 854 ‘Zuul',
409 780 548 855 quoniam
572 799 614 839 au
638 799 734 857 neque
753 799 789 838 ex
808 781 923 856 origine
941 781 1022 840 vocis
1041 779 1254 855 expectandum

58 869 114 925 est
137 885 248 944 neque
266 871 373 943 postca
390 868 421 926 in
439 887 456 926 o
475 869 603 928 transire
622 869 734 948 potuit,
758 868 793 928 cf.
813 865 948 928 Vanidek
966 869 1094 944 Etyma.
1113 869 1254 928 Wdrterb.

56 958 105 1014 ed.
135 959 165 1014 2
191 975 226 1030 p.
246 957 308 1014 347
331 961 361 1015 et
385 956 669 1017 Schweizer·Sidler
696 977 764 1017 ann.
782 960 882 1032 philol.
908 961 970 1018 123
994 951 1102 1037 (1881)
1119 975 1153 1031 p.
1173 949 1255 1038 43.¹)

57 1043 178 1113 Quare
205 1044 381 1122 corrigenda
400 1051 446 1105 est
464 1047 629 1106 Florentini
648 1047 791 1107 memoria
810 1048 1036 1125 scribamusque
1053 1048 1121 1115 Zol,
1140 1067 1155 1104 z
1173 1047 1255 1105 litte-

56 1153 136 1192 ram
167 1139 272 1194 autem
291 1137 422 1194 testatur
439 1136 544 1194 Velius
563 1137 687 1213 Longus
710 1141 741 1195 et
764 1139 939 1213 comprobat
957 1137 1138 1196 Umbrorum
1164 1136 1255 1210 scrip·

58 1227 142 1282 tura
175 1221 261 1297 aeres
285 1216 342 1304 (2
368 1217 489 1306 sedens)
513 1226 563 1286 vel
585 1225 770 1284 Faliscorum
792 1231 920 1284 renatae.
945 1258 987 1266 -
1016 1226 1079 1284 lam
1103 1225 1134 1283 in
1157 1224 1254 1283 codice

59 1313 196 1389 legitur
211 1306 372 1381 ‘odoricso'‚
387 1315 491 1389 quoin
504 1315 585 1374 vocis
600 1319 734 1373 monstro
753 1317 834 1372 certe
853 1318 975 1390 propter
984 1313 1130 1373 Varronis
1145 1313 1256 1371 lemma

66 1422 80 1460 s
97 1403 194 1460 inter
208 1403 327 1462 vocales
342 1402 418 1461 illud
433 1404 668 1463 conservandum
683 1407 742 1480 est3
761 1397 922 1463 ‘adoriose'
936 1404 1046 1463 collata
1060 1404 1161 1479 glossa
1175 1403 1254 1461 haud

61 1492 157 1550 male
175 1490 343 1550 coniectum
358 1510 424 1552 esse
438 1493 599 1570 videretur,
620 1492 678 1551 nisi
697 1511 711 1550 s
729 1493 804 1551 illud
824 1493 915 1552 etiam
934 1493 965 1551 in
979 1493 1143 1569 posteriore
1157 1491 1256 1550 latini·

62 1582 140 1639 tate
164 1581 341 1657 mansisset,
364 1581 443 1657 quod
462 1582 592 1642 Varroni
610 1581 800 1658 contradicit,
824 1601 891 1641 cum
914 1601 985 1642 vero
1010 1601 1136 1658 sequens
1157 1583 1255 1639 cronia

63 1670 211 1728 verbum
235 1669 384 1728 desideret
404 1671 547 1746 verbique
571 1670 709 1730 suffixum
735 1689 800 1730 ecce
824 1670 904 1730 adsit
927 1672 958 1730 in
980 1672 1098 1748 syllaba
1116 1689 1182 1730 -eso
1205 1671 1254 1729 vel

63 1759 132 1818 -iso
157 1751 213 1841 (cf.
235 1758 314 1817 Stolz
335 1759 536 1820 &rummaldi
556 1761 596 1820 cd.
615 1763 638 1820 2
655 1779 707 1834 pp.
726 1752 802 1840 360)
827 1763 917 1836 atque
936 1761 1054 1820 nonnisi
1072 1779 1133 1819 una
1152 1759 1254 1818 littera

63 1851 201 1907 mutata
221 1847 374 1907 adoriendi
392 1848 516 1908 verbum
535 1849 724 1925 accipiamus,
742 1848 866 1926 Bergkii
880 1849 1081 1908 coniecturam
1099 1868 1160 1908 non
1179 1868 1255 1908 com·

65 1938 186 2014 probo,
206 1937 339 1995 Zandero
358 1957 405 1996 me
425 1939 584 2014 adstipulo.
621 1938 666 1996 Ex
685 1940 800 1998 odmen
822 1932 964 2018 (quocum
983 1939 1019 1998 cf.
1039 1929 1131 2019 ἕπεο)
1151 1957 1253 1997 secun-

66 2028 149 2084 dum
172 2027 294 2102 linguae
313 2027 395 2103 leges
420 2029 548 2095 adorire,
571 2047 639 2086 mox
665 2047 700 2086 ex
724 2027 813 2087 activi
833 2027 971 2102 analogia
994 2029 1121 2087 adoriris
1141 2027 1254 2086 factum

67 2120 137 2191 est3
166 2118 300 2174 ceterum
323 2116 450 2175 formam
474 2117 505 2174 in
524 2135 553 2193 c,
576 2121 636 2176 nori
658 2117 690 2174 in
711 2117 737 2175 is
762 2119 919 2175 exeuntem
942 2137 990 2175 me
1014 2117 1132 2192 quidem
1156 2111 1253 2174 iudice

68 2205 210 2280 legimus
235 2205 325 2264 etiam
345 2205 377 2264 in
395 2205 526 2264 carmine
544 2204 649 2266 Arvali
667 2199 858 2286 ‘advocabit'‚
890 2206 968 2282 quod
991 2197 1253 2281 pro-‘adscendite'

69 2286 297 2374 (advocabitis)
318 2295 462 2369 scripturn
482 2314 547 2354 esse
566 2295 639 2354 eliso
659 2315 687 2354 -e
705 2295 787 2354 finali
806 2313 897 2370 supra
916 2295 1034 2355 ostendi
1053 2295 1090 2353 ad
1109 2295 1145 2352 fr.
1164 2298 1191 2354 1.
1213 2325 1250 2334 -

67 2382 114 2440 Et
137 2384 256 2442 adortos
275 2383 407 2442 scribens
425 2383 490 2459 ipse
509 2385 633 2444 dubium
652 2402 717 2443 esse
735 2384 840 2459 velim,
864 2387 966 2441 utrum
986 2385 1102 2442 odoriso
1122 2409 1163 2450 τε
1183 2383 1252 2442 ado-

68 2471 150 2530 riris
171 2490 209 2530 an
227 2469 345 2532 odwiso
365 2497 406 2520 =
426 2473 559 2532 adoraris
578 2473 766 2549 pronunties3
790 2491 861 2531 sane
881 2473 1043 2546 nescimus,
1068 2491 1143 2548 quae
1164 2471 1252 2530 Saliis

69 2560 180 2619 forma
198 2561 311 2620 usitata
329 2562 428 2621 fuerit.
465 2562 500 2620 In
520 2556 576 2620 ‘rio
595 2560 651 2634 (==
665 2556 820 2628 cerel-ad'
840 2563 961 2621 subesse
983 2561 1108 2621 ablativi
1126 2562 1253 2620 formam

70 2650 209 2723 priscam
234 2650 266 2708 in
288 2651 308 2709 d
330 2651 465 2716 exeuntis
485 2655 572 2710 acute
594 2651 654 2710 iam
673 2652 788 2710 Jordan
811 2650 1010 2726 divinaverat,
1034 2650 1253 2710 rest'tucndum

70 2739 175 2814 igitur
190 2739 249 2797 erit
265 2742 367 2811 ocrod;
386 2759 422 2798 ex
441 2743 574 2800 coemisse
591 2741 712 2799 minime
731 2740 910 2799 eliciendum
929 2743 975 2799 est
989 2739 1071 2798 Clusi
1091 2737 1252 2798 Olusiviive

72 2845 202 2904 nomen,
227 2828 306 2904 quod
323 2828 405 2888 insto
424 2831 535 2889 maiore
554 2831 719 2889 mutatione
739 2835 855 2905 egeret3
880 2848 951 2888 sane
969 2830 1133 2905 pessimum
1152 2831 1252 2886 autem
1363 2883 1365 2890 ,

73 2922 125 2976 est
152 2917 228 2974 illud
252 2917 379 2976 Zanderi
405 2919 560 2978 inventum
585 2913 730 2985 ‘coemis'‚
759 2919 837 2994 quod
868 2937 921 2993 pro
950 2918 1057 2978 comite
1084 2919 1136 2976 ille
1161 2917 1253 2976 habet

74 2998 137 3085 (=
152 2999 335 3086 coguemis);
353 3025 443 3067 corace
461 3009 671 3083 proculdubio
691 3026 708 3065 a
727 3025 802 3066 corn-
816 3007 1037 3082 praepositione
1053 3011 1143 3083 atque
1163 3005 1252 3064 eundi

74 3095 174 3170 stirpe
190 3095 369 3155 derivandus
384 3099 443 3172 est3
458 3102 489 3155 et
502 3101 622 3173 praeter
637 3098 851 3174 etymologiam
865 3097 961 3154 multa
974 3097 1110 3171 peccavit
1124 3095 1252 3153 Zander:

75 3203 107 3240 m
127 3185 262 3259 ineptum
283 3188 338 3260 cst,
357 3186 396 3243 -is
416 3185 514 3244 finalis
533 3187 781 3262 interpretatione
796 3188 886 3259 earet,
909 3205 982 3261 -gu,
1004 3185 1091 3244 modo
1110 3201 1251 3258 umquam

74 3271 190 3332 fuisset
207 3293 266 3332 non
287 3274 491 3348 dispar-uisset,
511 3293 605 3334 coem-
625 3277 656 3333 in
675 3276 750 3334 odm—
769 3275 905 3335 contrahi
923 3293 982 3333 non
996 3275 1108 3350 potuit:
1128 3273 1253 3331 attalia

77 3361 201 3421 silentio
220 3362 386 3438 praeterire
405 3363 512 3422 melius
531 3365 598 3424 fuit.
617 3395 661 3405 -
679 3364 785 3440 Itaque
805 3382 864 3421 una
881 3363 985 3422 littera
1004 3367 1136 3422 correcta
1155 3362 1251 3421 scribo

76 3453 192 3519 coenas,
211 3453 288 3511 hanc
303 3453 381 3510 enim
395 3452 488 3512 fuisse
504 3454 585 3512 vocis
600 3454 691 3513 comis
706 3453 864 3528 pristinam
878 3453 1004 3511 formam
1021 3452 1118 3510 Dueni
1133 3445 1251 3509 ‘cosmis

76 3532 171 3600 virco'
188 3534 313 3619 docet.²)
342 3541 435 3601 Porro
449 3561 503 3617 pro
518 3543 638 3602 traditis
653 3538 714 3602 ‘ion
728 3534 870 3601 cusioncs'
881 3535 1005 3600 ‘Sancus
1015 3535 1113 3600 Ianis’
1128 3539 1251 3615 conieci,
1279 3538 1281 3544 '
1364 3573 1365 3586 κ

77 3630 126 3687 sin
144 3621 270 3689 ‘cauas'
289 3631 451 3690 electione
469 3631 582 3690 tradita
601 3633 704 3691 eadem
723 3631 868 3689 facilitate
888 3629 1041 3707 scribitur,
1066 3649 1083 3688 a
1102 3630 1252 3688 sententia

77 3716 207 3778 Sancum
222 3719 276 3778 dec
291 3719 492 3778 Romanorum
507 3738 621 3781 summo
636 3719 924 3796 meliusconvenire,
939 3739 1028 3794 quam
1043 3719 1161 3776 ianeum
1176 3719 1248 3776 iani·

78 3809 214 3868 toremve
237 3811 371 3883 apparet.
408 3809 500 3868 Iones
523 3810 649 3869 nominis
671 3812 768 3870 forma
793 3828 860 3868 cum
884 3810 963 3883 apud
982 3808 1148 3866 Varronem
1171 3811 1252 3866 extet
1364 3861 1365 3864 ,

171 3945 197 4012 1)
217 3943 270 4008 Qui
293 3945 463 4012 comparatis
487 3945 544 4010 got.
570 3944 653 4011 sauil,
682 3959 774 4014 graec.
797 3946 875 4010 itlius
907 3961 921 3998 e
946 3941 1033 4011 stirpe
1059 3941 1147 3997 ‘saw’
1174 3941 1251 3996 ducit

78 4031 185 4082 vocem,
204 4017 245 4068 ita
262 4017 294 4068 ut
312 4019 396 4068 antea
415 4014 499 4068 ‘saol'
519 4014 612 4068 fuerit.

168 4088 195 4154 2)
215 4085 319 4139 Eadem
339 4102 354 4139 e
373 4084 461 4155 stirpe
478 4085 603 4140 ‘cosmis’
626 4085 808 4142 derivandum
827 4088 904 4156 puto,
924 4085 1249 4155 (nugamentorum,

80 4157 154 4223 quod
168 4157 239 4211 bene
249 4155 375 4211 Froehde
392 4160 435 4225 (in
448 4158 560 4212 Kubais‘
574 4159 668 4212 annal.
683 4162 838 4227 2312312)
855 4174 917 4210 curn
932 4157 981 4212 lat.
996 4161 1087 4212 castus
1104 4157 1133 4209 et
1147 4173 1249 4210 senscr.

80 4229 159 4294 cotra
177 4229 206 4282 et
224 4228 328 4296 paeana
346 4227 466 4296 confert,
486 4229 656 4298 respondent
673 4229 760 4298 igitur
778 4230 854 4283 recte
874 4227 935 4282 soni
954 4235 1014 4282 a—
1026 4227 1041 4282 ὅ
1054 4257 1087 4268 -
1098 4227 1127 4294 ἴις
1146 4227 1250 4282 frustra

80 4297 207 4355 Solmsen
229 4301 265 4354 ib.
285 4301 337 4356 col.
357 4303 395 4356 29
416 4318 445 4370 p.
462 4303 519 4356 329
543 4301 642 4367 κὸεμοε
665 4303 694 4355 et
717 4317 807 4356 censeo
833 4299 1002 4368 coniungere
1026 4299 1147 4370 studuit,
1176 4299 1248 4366 quod

79 4374 186 4426 rectum
205 4387 265 4426 esse
285 4387 403 4442 graecae
422 4371 535 4442 linguae
555 4372 632 4441 leges
650 4373 756 4427 vetanti
