2762 4998
120 132 185 196 320
562 135 594 191 Β.
613 135 860 222 Maurenbrecher:

132 303 308 380 composita3
336 323 406 362 nam
433 305 463 362 in
492 305 563 364 deos
592 305 726 381 singulos
752 325 856 366 versus
879 307 943 366 ficti
966 326 984 365 a
1006 307 1175 367 nominibus
1205 329 1336 369 eorum

132 393 376 468 appellabantur,
401 397 434 453 ut
453 394 564 470 Ianuli,
582 394 713 471 Iunonii,
732 390 891 470 Minervii',
910 416 1037 472 quocum
1056 399 1191 457 conferas
1218 398 1334 458 velim

132 481 216 542 Paul.
236 482 318 541 Diae.
338 503 366 558 p.
383 475 480 582 6⁸(8):
501 478 611 561 ‘arara
629 478 804 544 nominare'.

154 695 160 707 ¹
196 598 254 754 ldl)
283 607 329 666 De
357 609 553 668 carminum
577 609 862 688 saltationisque
885 609 1011 669 modis:
1040 611 1164 670 Praeter
1188 610 1336 670 Cicero-

131 714 178 754 nis
209 743 215 754 .
247 743 253 754 .

220 802 325 863 Livius
340 803 354 862 I
371 807 420 876 26,
436 807 470 862 4:
491 799 556 880 ‘per
574 805 678 864 urbem
697 807 741 865 ire
760 809 899 865 canentes
918 825 986 865 cum
1001 805 1139 881 tripudiis
1155 808 1334 865 sollemni-

135 911 192 967 que
213 886 344 952 saltatu?

224 980 347 1040 Ovidius
367 982 385 1042 l.
405 984 437 1041 l.:
457 976 517 1040 ‘Ad
536 986 632 1042 certos
651 983 744 1043 verba
762 985 894 1042 canenda
912 977 1037 1043 modos.'

222 1069 346 1139 Quintil.
360 1070 376 1128 I
392 1073 443 1146 10,
459 1074 513 1130 20:
533 1067 651 1131 ‘versus
670 1092 788 1150 quoque
808 1073 957 1133 Saliorum
976 1074 1089 1132 habent
1108 1067 1262 1133 carmem'

223 1159 328 1220 Horat.
347 1179 435 1219 carm.
450 1160 494 1219 IV
511 1164 537 1236 1,
554 1163 608 1221 25:

605 1245 688 1310 ‘Illic
705 1251 752 1311 bis
772 1253 858 1326 Pueri
877 1252 924 1310 die

377 1339 497 1398 Numen
515 1360 582 1398 cum
600 1341 711 1400 teneris
730 1341 898 1416 virginibus
916 1345 1002 1400 tuum

377 1429 549 1488 Laudantes
568 1430 644 1504 pede
663 1429 788 1488 candido

377 1517 412 1574 In
431 1537 544 1577 morem
564 1517 678 1576 Salium
696 1523 744 1576 ter
762 1519 900 1594 quatient
918 1511 1063 1578 humum?

222 1623 262 1683 id.
280 1624 295 1680 I
311 1625 361 1701 36,
379 1626 433 1682 12:
453 1619 532 1682 ‘Neu
550 1643 662 1684 morem
681 1625 712 1682 in
732 1624 845 1683 Salium
864 1623 905 1684 sit
923 1625 1040 1701 requies
1059 1618 1190 1701 pedum'

222 1728 373 1788 Plutarch.
396 1730 486 1789 Num.
510 1749 533 1790 c.
554 1732 609 1789 13:
640 1725 823 1792 ‘ltrvodvrur
851 1727 912 1804 γὰρ
936 1728 1127 1805 ἐπιτερπῶς,
1157 1727 1326 1806 ἑλιγμούς

133 1833 221 1877 τινας
244 1815 295 1876 καὶ
318 1815 496 1894 μεταβολὰς
519 1816 556 1879 ἐν
580 1815 688 1898 ῥυθμῷ
712 1817 809 1894 τάχος
828 1815 935 1894 ἔχοντι
957 1817 1008 1878 καὶ
1027 1817 1209 1894 πυκνότητα
1231 1818 1326 1895 μετὰ

134 1902 240 1981 ῥώμης
260 1903 310 1966 καὶ
329 1903 531 1982 κουφότητος
550 1903 781 1968 ἀποδιδόντεςῖ

223 2004 374 2064 Lucienus
393 2008 429 2063 de
450 2007 517 2065 salt.
538 2025 561 2066 c.
577 2009 633 2066 2οι
663 1999 745 2066 ”su
769 2003 894 2066 τούτοις
919 2003 1039 2066 δίκαιον
1058 2004 1136 2080 μηδὲ
1155 2007 1212 2080 τῆς
1231 2003 1323 2068 Ῥω-

135 2088 236 2168 μαίων
260 2088 420 2168 ὀρχήςεως
439 2089 646 2168 ἀμνημονεῖν,
670 2093 710 2170 ἣν
729 2091 761 2154 οἱ
780 2091 1000 2168 εὐγενέςτατοι
1019 2091 1126 2154 αὐτῶν
1144 2096 1190 2172 τῷ
1210 2096 1323 2156 πολε-

134 2177 300 2260 μικωτάτῳ
328 2182 394 2241 τῶν
422 2183 506 2242 θεῶν
532 2177 620 2256 Ἄρει
648 2179 679 2242 οἱ
707 2179 815 2244 (clici
840 2181 1055 2259 καλούμενοι.
1081 2179 1322 2258 ..ὀρχοῦνται

135 2265 328 2346 ςεμνοτάτην
348 2288 382 2330 τε
403 2267 467 2346 ἅμα
485 2268 535 2332 καὶ
554 2266 751 2346 ἱερωτάτηνῖ

223 2361 345 2436 Dionys.
359 2361 391 2419 ΙΙ
407 2363 459 2421 7οε
480 2354 663 2421 *Κινοῦντοι
682 2357 742 2436 γὰρ
763 2359 843 2436 πρὸς
863 2359 964 2422 αὐλὸν
982 2359 1018 2422 ἐν
1038 2358 1145 2441 ῥυθμῷ
1164 2359 1221 2421 τὰς
1236 2360 1321 2422 ἐνο-

135 2444 247 2508 πλίους
266 2448 407 2526 κινήςεις,
426 2448 499 2510 τοτὲ
519 2448 576 2525 μὲν
595 2445 685 2525 ὁμοῦ,
704 2449 777 2510 τοτὲ
797 2449 833 2510 δὲ
852 2446 1040 2525 παραλλάξ]

224 2548 337 2607 Allatis
359 2548 451 2626 Livii,
474 2549 606 2625 Horatii,
629 2549 785 2609 Plutarchi
813 2550 886 2608 locis
915 2569 982 2608 cum
1011 2548 1159 2608 efficiatur
1182 2551 1321 2609 saltasse

135 2636 231 2697 Salios
251 2637 337 2697 modo
355 2658 409 2714 per
428 2641 489 2696 tres
504 2639 594 2713 pedes
610 2637 767 2713 descripto,
785 2639 805 2697 i.
821 2659 845 2698 e.
859 2639 1010 2696 trochaico
1024 2637 1198 2714 iambiccve,
1218 2640 1318 2697 simul

135 2729 336 2802 consequatur
373 2727 483 2786 eisdem
516 2726 611 2786 modis
645 2727 735 2786 etiam
768 2727 899 2786 carmina
932 2745 1034 2784 eorum
1063 2731 1205 2802 concepta
1233 2747 1316 2800 esse,

136 2819 240 2875 contra
257 2815 345 2875 modo
364 2819 507 2892 quattuor
521 2817 631 2892 pedum
645 2817 664 2874 i.
680 2836 704 2876 e.
720 2816 879 2893 spondiaco
894 2816 962 2876 illos
977 2816 1105 2876 saltasse
1119 2835 1153 2875 ac
1167 2816 1317 2876 cecinisse

136 2905 229 2963 refert
248 2904 407 2964 Diomedes
427 2899 456 2986 (Ι
474 2925 503 2980 p.
518 2907 583 2964 476
596 2899 651 2984 K):
676 2899 822 2965 ‘Numam
841 2905 1088 2981 Pompilium...
1106 2907 1184 2964 bunc
1202 2905 1316 2980 pedem

135 2993 321 3070 pontificium
340 2994 508 3070 appellasse
526 2998 702 3069 memorant,
723 3014 788 3055 cum
809 2994 906 3054 Salios
925 2995 1055 3054 iuniores
1075 2995 1177 3070 aequis
1197 2996 1314 3070 gressi·
1360 2993 1364 3002 ’

138 3083 194 3142 bus
214 3082 392 3144 circulantes
409 3084 565 3143 induceret
579 3088 610 3142 et
626 3085 756 3159 spondeo
770 3085 848 3143 melo
862 3085 977 3160 patrios
991 3085 1126 3160 placaret
1139 3078 1314 3159 indigetes.⁵

228 3217 261 3286 3.
281 3225 330 3284 De
349 3226 545 3284 carminum
562 3225 758 3285 Saliarium
777 3225 898 3285 indole
917 3225 1313 3301 a1·gument0histcria.

227 3331 355 3390 Carmen
372 3333 427 3391 hoc
446 3333 482 3390 de
497 3351 555 3410 quo
570 3333 687 3410 agimus
703 3332 818 3391 Saliare
833 3333 980 3408 appellari
993 3352 1011 3390 a
1025 3331 1097 3391 viris
1113 3331 1208 3390 doctis
1224 3333 1311 3406 solet,

138 3421 270 3480 carmina
287 3420 414 3480 Saliaria
432 3440 488 3500 ego
508 3423 628 3497 quidem
648 3425 678 3481 et
695 3422 835 3496 inscripsi
853 3422 976 3479 titulum
996 3424 1025 3479 et
1043 3421 1155 3496 ubique
1173 3420 1312 3498 laudavi3

138 3529 230 3587 quare
252 3510 383 3587 primum
408 3512 510 3569 utrum
529 3530 637 3570 nomen
655 3515 768 3570 rectum
789 3511 830 3570 sit
848 3510 1127 3585 circumspiciamus.
1164 3507 1265 3586 Atque
1285 3512 1312 3568 si

138 3619 295 3660 numerare
323 3599 398 3660 velis
426 3603 560 3660 veterum
589 3603 746 3660 auctorum
772 3600 808 3658 de
832 3599 997 3658 Saliaribus
1021 3598 1201 3658 carminibus
1224 3599 1309 3658 testi·

138 3690 251 3767 monia,
274 3677 407 3750 inuenies
432 3691 556 3749 eandem
579 3691 712 3749 locorum
731 3690 847 3765 copiam
865 3688 985 3764 utrique
1004 3688 1170 3747 sentcntiae
1188 3692 1309 3764 praesto
1366 3705 1367 3750 l

140 3798 218 3856 esse,
243 3779 408 3854 expendere
432 3797 468 3837 ea
491 3779 517 3838 si
535 3779 581 3840 vis
599 3779 730 3855 reperies
750 3779 903 3856 grauiores
922 3781 1016 3837 testes
1036 3780 1116 3837 stare
1134 3797 1187 3852 pro
1207 3777 1309 3836 carmi-

139 3869 228 3928 nibus
247 3867 426 3946 Saliaribus,
449 3887 510 3927 non
527 3888 581 3945 pro
601 3870 739 3929 carmine.
777 3868 877 3945 Atque
895 3866 992 3926 Varro
1012 3866 1131 3943 quidem
1150 3870 1308 3941 utrumque
1366 3883 1367 3938 η

139 3956 257 4036 laudat,
280 3957 414 4017 carmina
436 3976 472 4017 ea
490 3958 562 4017 dicit
579 3960 644 4018 loco
665 3977 755 4034 supra
774 3958 866 4015 allato
888 3949 939 4036 (de
958 3955 977 4014 l.
997 3957 1016 4014 l.
1032 3953 1125 4013 Vna
1147 3957 1177 4014 et
1196 3955 1232 4012 de
1250 3955 1269 4012 l.
1288 3956 1307 4014 l.

138 4046 182 4105 IX
198 4051 237 4108 61
264 4041 317 4128 (ad
330 4047 366 4106 fr.
383 4037 431 4128 5),
460 4065 579 4106 carmen
603 4048 649 4106 bis
673 4047 807 4122 appellat
825 4046 860 4104 fr.
877 4047 895 4103 2
912 4049 943 4104 et
960 4046 1013 4117 14,
1042 4045 1134 4103 semel
1158 4038 1210 4123 (ad
1226 4044 1289 4103 fr.1

140 4130 184 4194 ‘in
197 4137 348 4196 Saliorum
366 4129 467 4198 versu'
487 4137 567 4196 citat.
600 4137 704 4212 Neque
718 4136 826 4194 Festus
844 4125 923 4215 (sive
933 4133 1073 4192 Verrium
1087 4133 1185 4192 dicere
1199 4133 1292 4192 mavis
1366 4127 1367 4136 ’

141 4230 277 4286 constare
301 4225 359 4287 sibi
381 4225 512 4304 videtur,
535 4225 587 4302 qui
610 4245 626 4284 e
649 4219 791 4284 ‘carmine
810 4217 929 4283 Saliari'
953 4224 1122 4301 fragmenta
1148 4222 1306 4297 sumpsisse

141 4335 172 4375 se
195 4317 300 4376 laudat
320 4319 348 4388 9,
369 4319 418 4390 19,
440 4318 490 4390 22,
511 4317 561 4388 28,
581 4316 622 4375 35
648 4305 738 4396 (adde
762 4334 797 4373 ex
815 4313 909 4372 Paulo
928 4313 1059 4373 Diaconc
1078 4313 1113 4371 fr.
1133 4314 1173 4370 12
1194 4314 1224 4370 et
1245 4303 1306 4392 13),
