2762 4998
137 143 202 207 342
573 144 602 197 Β,
622 142 866 197 Maurenbrecher:

139 314 195 372 bus
219 312 312 372 libato
336 315 366 371 et
389 302 569 393 tripodato),
596 305 714 371 ‘cauom
731 313 850 386 peracta
869 328 914 370 eso
933 304 1025 371 deitu'
1045 303 1123 393 (tum
1141 331 1276 388 preces
1301 312 1354 370 ita

140 393 245 482 dicite)
268 401 396 477 aliaque.
432 400 604 476 Vis-igitur
627 401 712 461 verbi
735 399 820 459 Italis
843 400 1007 459 communis
1029 401 1148 460 nonnisi
1171 394 1356 460 ‘sacrem'

139 491 260 553 videtur
283 490 388 564 fuisse,
413 509 501 568 quam
521 489 612 550 Marsi
631 489 869 566 vetustioresque
888 489 995 548 Umbri
1014 491 1191 568 tenuerunt,
1225 493 1352 566 poste-

140 581 233 640 riores
252 579 373 655 Iguuini
392 572 529 656 ‘preces',
556 599 631 655 quae
654 579 687 638 in
705 597 788 638 sacro
811 579 993 638 immolando
1012 579 1137 656 fiebant,
1156 579 1351 638 intellexe-

142 670 222 745 runt,
242 667 311 728 Osci
329 667 359 727 in
379 669 523 728 sacellum
536 661 904 746 templumve'mutarunt3
923 663 1026 726 Latini
1038 687 1110 728 vero
1124 669 1208 728 hanc
1228 670 1351 726 multo

141 757 365 834 angustioribus
393 757 503 816 finibus
532 757 843 835 circumscripserunt,
873 757 923 834 qui
950 788 993 798 -
1022 757 1180 817 dummodo
1213 756 1350 816 Aelius

139 849 221 906 recte
245 847 346 922 pescia
370 847 586 922 interpretatus
605 847 646 906 sit
669 877 711 886 —-
735 846 845 922 capitia
867 847 1084 924 intellegebant
1105 846 1124 904 i.
1149 867 1173 906 e.
1199 849 1347 908 vestem

141 936 226 994 illam
250 954 379 1014 sacram,
403 954 463 1013 qua
480 935 646 994 Mamurius
665 936 788 994 indutus
812 953 877 995 esse
899 935 1066 1008 videbatur,
1092 935 1211 1010 quade
1237 955 1280 994 re
1305 937 1347 994 cf.

142 1043 246 1084 comm.
272 1025 308 1083 ad
328 1025 366 1083 fr.
381 1027 409 1085 8.
429 1055 472 1065 -
492 1017 657 1084 ‘Perseom'
681 1025 718 1084 ab
737 1025 824 1084 Italis
849 1023 961 1085 dietum
985 1043 1049 1083 esse
1073 1024 1209 1102 videtur,
1250 1025 1345 1100 quod

142 1114 300 1174 servarunt
319 1116 349 1172 et
367 1113 460 1173 Marsi
480 1107 584 1188 ‘pesco'
604 1117 635 1172 et
653 1113 754 1172 Latini
773 1107 875 1190 ‘pesce'
893 1114 1063 1190 loquentes3
1089 1113 1163 1172 item
1182 1114 1346 1173 deminu-

140 1203 203 1264 tive
222 1195 395 1276 ‘parcebam’
414 1203 463 1262 vel
482 1195 639 1276 ‘pesclum'
659 1202 766 1262 Umbri
786 1203 933 1279 dicebant,
954 1195 1103 1275 ‘psallero'
1123 1201 1198 1262 Osci.
1252 1202 1343 1262 Osca

142 1291 261 1369 quidem
282 1291 379 1351 forma
392 1292 568 1368 Brugmann
588 1283 767 1372 (ermerus
781 1293 808 1352 d.
822 1293 909 1366 eerql.
925 1289 1055 1351 (irarum.
1071 1292 1094 1349 I
1100 1310 1131 1366 p.
1144 1283 1229 1374 281)
1249 1311 1341 1352 com-

142 1382 243 1440 motus
272 1380 397 1456 stirpem
425 1381 509 1441 verbi
531 1399 616 1456 pers·
647 1400 711 1440 esse
739 1381 872 1456 putavit,
901 1382 978 1439 unde
1007 1380 1112 1440 suffixo
1138 1383 1191 1441 -tlo
1216 1381 1342 1441 addito

75 1477 83 1494 ·
136 1468 261 1544 pestium
276 1468 428 1543 Oscorum,
448 1469 628 1528 Umbrorum
642 1471 790 1543 persoluta
809 1471 907 1528 ortum
922 1471 1010 1528 esset.
1044 1467 1099 1528 Oui
1114 1471 1340 1548 etymologiae

144 1559 176 1617 et
194 1559 295 1618 Marsa
314 1577 371 1618 vox
390 1552 494 1632 ‘pocsco'
514 1561 544 1617 et
563 1590 605 1629 -,
626 1559 652 1617 si
669 1559 727 1617 huc
746 1558 875 1618 incidere
894 1576 1009 1617 mecum
1028 1559 1140 1618 iudices
1161 1590 1202 1600 -
1226 1561 1340 1618 latina
1378 1549 1379 1556 ἵ

144 1640 264 1722 ‘prescia'
284 1647 417 1724 obstant,
437 1651 467 1706 et
486 1645 596 1707 Oscum
615 1647 741 1708 forsitan
761 1667 776 1706 e
797 1641 952 1722 ‘porrectio'
968 1651 1071 1707 ‘ortum
1090 1648 1138 1707 eit.
1376 1657 1377 1663 ’

233 1797 312 1867 10*.
350 1807 505 1866 Petilam
525 1827 652 1866 suram.
1374 1804 1377 1895 ,'

233 1913 429 1970 Testimon:
448 1914 522 1970 Fest.
532 1932 559 1983 p.
566 1919 619 1970 244
630 1916 704 1983 (205)
725 1914 852 1984 ‘petilam
867 1930 960 1968 suram
975 1913 1078 1968 siccam
1093 1916 1122 1968 et
1136 1914 1334 1971 substrictam

144 1985 231 2054 vulgo
250 1985 477 2055 interpretantur.
515 1986 650 2041 Scaevola
668 1985 709 2040 ait
727 1987 862 2056 ungulam
880 1984 974 2040 albam
993 1985 1057 2053 equi
1075 1986 1117 2040 ita
1135 1985 1212 2042 dici!

236 2090 429 2154 Commeat.
469 2091 752 2168 Interpretationem
779 2092 935 2168 vulgatam
958 2093 1040 2151 vocis
1057 2092 1166 2166 petitus
1189 2093 1332 2169 legimns

148 2181 180 2239 in
198 2180 295 2239 Nonio
310 2179 342 2238 Π
358 2200 387 2256 p.
404 2181 465 2240 149
482 2181 525 2238 M:
549 2175 559 2203 ‘
565 2182 701 2256 petulum
725 2184 814 2239 tenue
838 2183 869 2238 et
892 2181 975 2240 exile.
1013 2180 1147 2240 Lucilius
1165 2181 1217 2240 lib.
1234 2181 1332 2240 XXII

149 2269 297 2348 „Insignis
321 2269 402 2329 varis
426 2269 563 2329 cruribus
587 2273 618 2328 et
641 2265 769 2346 petilis“.
806 2269 933 2328 Plautus
952 2270 1052 2328 Plocio
1076 2288 1223 2345 „namque
1245 2273 1330 2330 colo·
1377 2301 1379 2306 ·

145 2360 246 2418 ratum
264 2359 393 2418 frontem
412 2358 505 2418 habet
521 2359 648 2434 petilust
665 2351 807 2435 habrus“,
829 2358 942 2434 petilus
961 2359 1061 2416 tenuis
1080 2351 1172 2417 dicit’
1206 2357 1329 2419 Contra

149 2447 310 2506 Scaevolae
331 2447 509 2506 sententiam
523 2447 740 2524 quodammodo
756 2447 902 2506 variatam
916 2448 1008 2506 habet
1026 2447 1158 2506 Isidorus
1173 2447 1251 2526 orig.
1264 2449 1328 2508 XII

147 2539 181 2611 1,
194 2538 249 2596 52:
269 2529 332 2611 ‘qui
351 2539 452 2595 autem
471 2537 555 2596 albos
570 2540 689 2596 tantum
703 2538 793 2612 pedes
807 2537 928 2610 habent,
947 2535 1033 2610 petili
1047 2536 1250 2614 appellantur,
1273 2539 1328 2614 qui

143 2625 277 2684 frontem
292 2626 392 2683 albam
407 2618 527 2684 callidi'
565 2625 693 2684 Petilam
712 2645 811 2684 suram
833 2643 898 2684 esse
912 2628 1042 2700 tenuem,
1061 2643 1196 2701 parvam,
1211 2627 1324 2685 exilem

146 2713 248 2772 Plauti
262 2713 430 2789 Luciliique
446 2713 587 2789 exemplis
603 2733 621 2772 a
634 2713 731 2774 Nonio
746 2714 845 2773 allatis
860 2712 1039 2791 affirmatur3
1058 2712 1202 2774 Scaevola
1216 2719 1325 2774 autem

145 2803 291 2880 ungulam
305 2802 405 2860 albam
421 2803 490 2878 equi
503 2800 712 2881 interpretans,
727 2803 798 2862 dum
809 2804 889 2860 recte
903 2803 976 2861 haec
991 2802 1133 2861 statuerit
1142 2833 1179 2842 —
1194 2805 1225 2862 et
1239 2824 1321 2864 oom-

147 2892 294 2967 probatur
308 2891 372 2950 eius
388 2891 537 2950 sententia
552 2911 610 2951 usu
623 2892 712 2968 vocis,
729 2911 817 2968 quem
830 2891 963 2950 Isidorus
979 2893 1161 2950 testatur-
1177 2910 1213 2951 ex
1227 2893 1322 2952 huius

143 2980 308 3056 fragmenti
333 2979 432 3039 verbis
458 2981 633 3040 concludere
653 3000 689 3040 ea
706 2981 833 3056 nequiit,
858 2979 1003 3039 conclusit
1020 2979 1115 3058 igitur
1134 2999 1150 3038 e
1168 2981 1232 3040 toto
1253 3001 1320 3041 ear-

143 3069 233 3128 minis
258 3069 348 3128 huius
372 3087 497 3145 conexu,
519 3070 622 3144 itaque
644 3071 698 3129 hoe
721 3069 858 3128 carminis
882 3070 947 3128 loco
966 3069 1003 3128 de
1021 3068 1115 3144 petilo
1135 3059 1167 3150 (i.
1188 3089 1212 3128 e.
1233 3063 1321 3152 exili)

146 3158 275 3235 alboque
296 3157 364 3233 equi
383 3159 457 3232 pede
481 3177 579 3217 sermo
599 3161 673 3216 erat.
715 3158 760 3216 Ac
783 3159 808 3216 si
831 3157 1012 3234 quaerimus,
1036 3158 1145 3234 quain
1165 3159 1319 3218 occasione

145 3265 239 3322 equus
259 3245 345 3305 albus
365 3246 428 3306 sive
447 3247 507 3306 albi
528 3247 592 3306 eius
612 3266 726 3323 ungues
741 3247 964 3306 commemorati
979 3266 997 3304 a
1011 3246 1100 3305 Saliis
1115 3246 1183 3318 sint,
1202 3247 1317 3307 factum

144 3336 175 3395 id
200 3354 265 3394 esse
288 3335 320 3394 in
346 3352 429 3394 sacro
453 3336 552 3411 aliquo
576 3335 640 3396 veri
664 3335 761 3394 simile
780 3339 839 3412 est3
863 3353 954 3411 equos
974 3355 1044 3395 vero
1063 3334 1231 3394 immolatos
1251 3356 1316 3396 asse

147 3425 198 3483 uni
216 3423 307 3483 Marti
332 3424 453 3501 scimus,
478 3425 513 3484 cf.
532 3423 616 3483 Paul.
636 3446 664 3501 p.
680 3426 721 3485 57
742 3415 815 3505 (81)
841 3418 958 3498 ‘Equus
982 3423 1072 3482 Marti
1094 3423 1314 3500 immolabatur,

146 3513 225 3590 quod
248 3533 302 3588 per
325 3511 388 3574 cius
413 3513 543 3589 effigiem
563 3513 683 3572 Troiani
706 3513 785 3588 eapti
809 3515 879 3571 sunt
904 3513 950 3572 vel
974 3513 1052 3590 quod
1074 3531 1108 3570 eo
1128 3531 1236 3590 genere
1254 3514 1313 3572 ani·

138 3603 233 3676 ,malis
262 3601 341 3660 Mars
369 3603 511 3662 delectari
538 3595 715 3678 putaretur'
743 3605 774 3660 et
799 3601 879 3661 Fest.
902 3621 930 3676 p.
951 3603 1013 3660 194
1033 3591 1141 3682 (178):
1171 3594 1312 3662 ‘October

147 3709 240 3766 equus
267 3691 451 3768 appellatur,
480 3692 530 3766 qui
555 3693 586 3749 in
611 3709 715 3766 campo
738 3690 847 3748 Martio
873 3708 974 3749 mense
996 3688 1119 3749 Octobri
1144 3690 1311 3750 immolatur

146 3780 307 3856 quotannis
321 3779 422 3856 Marti,
440 3780 580 3856 bigarum
594 3779 762 3839 uictricium
781 3779 938 3839 dexterior.
969 3777 1063 3848 Quem
1077 3777 1193 3838 hostiae
1207 3772 1310 3860 (loco)

147 3868 269 3944 quidam
288 3864 379 3928 Marti
397 3869 505 3928 bellico
525 3869 579 3928 deo
599 3868 710 3928 sacrari
729 3869 842 3945 dicunt,
866 3887 925 3926 non
944 3870 979 3926 ut
996 3869 1105 3944 vulgus
1124 3869 1226 3946 putat,
1245 3869 1309 3946 quia

146 3958 231 4016 velut
254 3957 433 4034 supplicium
458 3958 493 4018 de
513 3977 547 4017 eo
567 3962 715 4034 sumatur,
741 3959 819 4033 quod
838 3956 966 4016 Romani
984 3955 1039 4014 Ilio
1060 3959 1130 4016 sunt
1149 3958 1265 4016 oriundi
1281 3961 1309 4018 et

148 4045 269 4105 Troiani
297 4045 342 4104 ita
370 4046 468 4124 effigie
493 4047 562 4124 equi
586 4047 647 4106 sint
669 4047 762 4122 capti:
790 4046 893 4105 multis
916 4046 1018 4104 autem
1040 4045 1182 4121 gentibus
1206 4065 1307 4122 equum

146 4135 312 4194 hostiarum
344 4154 469 4195 numero
502 4135 607 4195 haberi
636 4135 807 4194 testimonio
836 4138 906 4193 sunt
932 4134 1173 4212 Lacedaemonii,
1206 4136 1256 4210 qui
1280 4138 1306 4194 in

147 4227 248 4283 monte
263 4223 399 4300 Taygeto
419 4243 526 4300 equum
545 4224 642 4285 ventis
661 4225 817 4283 immolant
833 4223 1002 4298 ibidemque
1017 4223 1146 4297 adolent,
1165 4225 1199 4282 ut
1213 4243 1305 4284 eorum

146 4311 220 4372 flatu
246 4311 320 4372 cinis
346 4312 410 4372 eius
435 4314 580 4388 perfinia
607 4331 697 4390 quam
720 4313 866 4374 latissime
890 4311 1054 4372 differatur.
1089 4311 1131 4371 Et
1150 4311 1303 4390 Sallentini,
