2762 4998
414 147 574 202 carminum
594 145 743 202 Saliarium
761 146 904 214 reliquiae.
1177 145 1242 211 329

137 313 230 376 τοὺ(
254 312 474 390 καλουμένου(
497 309 629 377 Cottone
734 311 913 390 ὑμνοῦντα(
936 311 994 376 τὸν
1013 308 1139 390 Ἰανόν’,
1162 315 1241 375 idom

48 407 265 466 confirmatur
288 405 467 482 fragmentis
491 405 669 481 carminum,
696 405 727 464 in
755 405 863 482 quibus
892 406 1082 481 praecipuum
1111 404 1243 464 obtinuit

48 498 149 556 lanus
171 497 279 554 locum
301 487 350 576 (fr.
372 487 482 577 1-4).
518 494 625 559 Ianum
643 496 746 554 autem
765 511 915 553 summum
933 494 1134 554 Romanorum
1152 494 1241 553 deum

51 585 127 645 olim
149 583 255 644 fuisse
274 584 409 662 caelique
427 587 581 661 potentem
599 587 689 660 atque
708 603 742 644 eo
761 584 793 644 in
811 584 876 644 loco
895 583 1066 643 habendum
1084 581 1164 660 ssse;
1183 602 1242 658 quo

52 675 236 751 posteriore
260 676 359 733 aetate
381 673 517 750 IuppIter
541 672 722 750 Graecisque
744 669 827 733 Ζεὺι
853 675 932 751 erat,
959 673 1020 732 iam
1042 673 1158 732 Preller
1179 673 1242 731 fere

53 763 229 840 intellexit,
243 762 338 822 Linde
346 753 371 844 1)
385 782 481 838 nuper
491 762 677 839 argumentis
688 761 831 839 firmavit,
848 781 982 822 summus
997 781 1067 822 vero
1082 761 1157 822 caeli
1169 761 1243 821 deus

56 855 133 930 quin
153 853 233 912 ante
254 853 354 912 omnia
371 853 403 910 in
422 851 586 912 Saliaribus
605 851 785 911 carminibus
804 851 1019 928 celebraretur,
1044 850 1163 910 omnino
1183 869 1244 911 non

56 942 124 1000 fieri
144 940 261 1018 potuit.
300 941 475 1002 Recentiore
493 961 584 1017 quam
603 941 731 1001 Saliaria
749 940 869 1018 quidem
888 941 1022 1000 carmina
1040 943 1126 1000 erant
1143 942 1244 1000 aetate

58 1031 156 1090 Ianus
178 1049 252 1090 cum
271 1030 338 1089 aliis
358 1031 538 1105 quibusdam
557 1030 602 1089 dis
620 1031 760 1090 inunum
778 1031 865 1106 quasi
878 1049 988 1089 numen
1002 1031 1149 1090 coaluisse
1163 1029 1244 1090 vide·

58 1125 119 1196 tur,
139 1121 233 1180 velut
252 1119 287 1179 cf.
306 1119 436 1180 Macrob.
454 1119 471 1178 I
491 1123 519 1197 9,
540 1121 594 1180 15:
619 1114 667 1178 ‘in
690 1120 781 1180 sacris
805 1139 922 1196 quoque
946 1119 1118 1179 invocamus
1138 1118 1244 1178 Ianum

61 1208 241 1284 Geminum,
255 1208 362 1268 Ianum
376 1211 502 1285 patrem,
516 1208 624 1268 Ianum
637 1208 806 1286 Iunonium,
818 1209 925 1268 Ianum
939 1208 1120 1285 Consivium,
1137 1207 1244 1267 Ianum

62 1298 239 1376 Quirinum,
257 1297 365 1357 Ianum
379 1299 549 1358 Patulcium
568 1301 599 1358 et
613 1292 790 1358 Olusivium'
811 1301 841 1356 et
855 1297 973 1374 Lydum
992 1299 1029 1356 de
1047 1315 1140 1358 mens.
1154 1296 1199 1354 IV
1211 1299 1244 1359 1:

62 1382 79 1445 ὁ
102 1383 245 1462 Λαβεὼν
273 1381 333 1446 οὖν
360 1403 456 1462 φηιιν
484 1382 585 1447 αὐτὸν
607 1386 768 1448 καλεῖεθαι
791 1381 892 1447 Ἰανὸν
917 1381 1074 1463 Κοείβιον,
1101 1383 1244 1446 τουτέιτι

63 1475 240 1551 βουλαϊον,
269 1469 371 1536 Ἰανὸν
399 1474 572 1556 κήνουλον,
602 1470 674 1536 οἷον
703 1470 940 1550 εὐωχιαιτικόν,
973 1471 1138 1550 πατρίκιον
1170 1469 1246 1535 circel

62 1559 268 1639 αὐτόχθονα,
302 1561 486 1641 Κλουείβιον
518 1559 589 1626 ἀντὶ
621 1565 679 1626 τοῦ
712 1560 850 1638 ὁδιαῑον,
887 1557 1068 1626 Ἰουνώνιον
1101 1561 1245 1625 τουτέιτι

62 1648 191 1729 ἀέριον,
220 1651 357 1728 Κυρῖνον
376 1649 493 1715 ὼεανεῑ
513 1650 694 1729 πρόμαχον,
713 1651 917 1715 Πατούλκιον
935 1651 987 1714 καὶ
1007 1649 1159 1714 Κλούιιον
1178 1649 1244 1713 οἱο-

63 1740 111 1803 νεὶ
131 1739 263 1817 θυρεόν,
285 1738 470 1818 Κουριάτιον
489 1739 590 1804 οἱονεὶ
609 1738 734 1818 ἔφορον
753 1737 921 1820 εὐγενῶν’;
940 1743 1137 1820 intelligimus
1151 1743 1245 1821 igitur

62 1851 131 1890 cum
153 1831 253 1892 Conso
278 1833 333 1892 deo
357 1834 478 1892 etcum
502 1832 625 1903 Quirino
649 1832 755 1892 Ianum
778 1834 837 1892 iam
862 1833 1001 1892 confundi
1025 1833 1245 1909 aggregarique

65 1922 191 1998 Iunoni,
215 1921 306 1981 simul
325 1940 392 1981 eum
411 1923 570 1998 patricium
590 1925 620 1982 et
639 1921 805 1982 Curiatium
825 1923 984 1999 appellari,
1009 1923 1088 2000 quod
1109 1922 1245 1997 gentium

65 2011 270 2089 patriciarum
290 2012 362 2071 deus
377 2014 465 2072 vetus
480 2014 553 2072 erut.
588 2012 654 2072 Iam
673 2013 762 2070 antea
775 2011 865 2071 Ianus
885 2012 1067 2088 caelipotens
1086 2031 1154 2071 cum
1174 2012 1245 2071 solis

65 2099 121 2159 deo
143 2101 303 2178 concrevit,
321 2100 401 2176 qnod
420 2101 512 2160 etiam
530 2101 596 2161 lovi
614 2101 757 2160 accidisse
777 2121 793 2160 e
813 2101 987 2178 cognomine
1007 2099 1132 2160 Lucerio
1151 2100 1246 2160 Salio-

66 2209 147 2264 rum,
160 2187 307 2248 Oscorum
317 2189 444 2250 Lucetio
458 2190 601 2267 efficitur3
620 2209 713 2269 quare
728 2189 781 2250 Sol
795 2210 854 2251 non
869 2190 956 2251 modo
971 2189 1072 2267 Ianus,
1088 2189 1246 2250 sedetiam

68 2272 200 2338 ‘duonue
221 2271 327 2338 Cerus'
345 2279 542 2340 invocabatur
560 2271 639 2362 (cide
657 2281 697 2340 od
714 2281 752 2354 fr.
766 2271 812 2361 2).

159 2367 253 2426 Marti
270 2370 428 2443 praeterea
446 2373 635 2429 consecratos
654 2387 719 2428 esse
738 2368 835 2428 Salios
855 2371 887 2427 et
905 2386 941 2427 ex
959 2368 995 2430 fr.
1011 2370 1030 2428 8
1051 2367 1181 2428 efficitur
1200 2399 1243 2408 -

68 2475 140 2514 nam
158 2456 324 2517 Mamurius
343 2457 449 2518 Martis
469 2459 516 2518 dei
536 2476 700 2536 cognomen
719 2459 799 2533 erat,
821 2457 856 2516 cf.
877 2477 981 2518 comm.
1000 2458 1038 2516 ad
1056 2457 1093 2514 fr.
1110 2460 1129 2516 8
1151 2487 1192 2498 -—
1212 2460 1244 2516 et

70 2545 232 2620 scriptores
256 2546 423 2622 complures
446 2548 612 2623 testentur,
637 2547 715 2607 sicut
733 2547 836 2608 Livius
860 2545 875 2603 Ι
900 2548 951 2623 20,
971 2548 1006 2606 4:
1032 2540 1146 2606 ‘Salios
1170 2547 1244 2605 item

71 2633 228 2693 duodecim
241 2634 331 2695 Marti
347 2633 477 2698 Gradivo
495 2630 592 2714 legit',
615 2638 719 2696 auctor
739 2636 775 2696 de
793 2637 847 2697 vir.
862 2636 904 2695 ill.
920 2655 944 2696 ο.
959 2637 992 2695 3:
1012 2629 1121 2695 ‘Salios
1136 2635 1242 2694 Martis

74 2724 250 2799 sacerdotes,
270 2745 398 2800 quorum
412 2726 527 2800 primus
541 2727 662 2802 praesul
675 2731 808 2802 vocatur,
824 2725 978 2785 duodecim
993 2717 1151 2801 instituit',
1171 2724 1242 2784 Luc.

73 2813 109 2870 de
129 2813 194 2873 salt.
213 2815 269 2872 20:
294 2805 495 2896 ³(dpxdceurc)
517 2814 558 2890 ἣν
577 2811 607 2875 οἱ
626 2811 847 2888 εὐγενέετατοι
871 2809 978 2874 αὐτῶν
1000 2814 1046 2892 τῷ
1066 2813 1242 2888 πολεμικω-

73 2895 158 2980 τάτῳ
181 2901 244 2962 τῶν
267 2902 352 2978 θεῶν
371 2897 459 2978 Ἄρει
481 2899 512 2965 οἱ
532 2899 638 2964 (άλιοι
661 2901 924 2978 καλούμενοι
947 2897 1144 2978 ὀρχοῦνται’,
1168 2903 1243 2963 elios

74 2990 190 3066 quidem
217 2996 337 3066 praeter
365 2993 494 3052 Martem
525 2995 679 3070 appellant
711 2993 782 3053 deos
811 2992 931 3053 Servius
960 2983 1066 3072 (Dan.)
1101 2993 1139 3052 ad
1166 2991 1242 3052 Aen.

76 3079 148 3138 VIII
161 3081 235 3141 285:
255 3074 338 3142 ‘sunt
355 3085 455 3142 autem
471 3082 544 3142 Salii
558 3082 664 3142 Martis
679 3085 710 3142 et
723 3075 875 3142 Herculis'
891 3085 955 3158 etc,
975 3085 1006 3140 et
1019 3081 1084 3142 Liv.
1099 3081 1127 3139 V
1142 3083 1193 3160 52,
1208 3085 1226 3142 7
1235 3104 1242 3142 :

68 3162 158 3244 ·‘quid
175 3171 209 3228 de
227 3171 371 3231 ancilibus
391 3172 501 3232 vestris
518 3172 598 3232 Mars
614 3171 745 3232 Gradive
764 3175 858 3248 tuque
878 3170 1000 3240 Quirine
1018 3163 1136 3246 peter?'
1165 3175 1241 3231 cete·

77 3278 143 3316 rum
156 3258 275 3318 Martios
290 3277 355 3320 esse
375 3257 544 3322 sacerdotes
563 3263 611 3322 vel
631 3281 666 3321 ex
680 3261 826 3322 ancilibus
841 3259 978 3336 omnique
994 3263 1169 3320 ornamento
1186 3259 1240 3320 Sa-

78 3349 181 3406 IIorum
199 3349 326 3424 conspici
339 3352 449 3426 potest,
469 3370 562 3428 eaque
583 3371 598 3410 e
617 3371 649 3410 re
669 3350 872 3428 cognoscimus
892 3349 981 3409 simul
996 3349 1133 3427 Martem,
1152 3369 1241 3427 quem

79 3435 155 3496 veris
173 3438 299 3514 solisque
324 3440 372 3500 vcl
391 3441 462 3498 anni
480 3440 569 3499 deum
588 3439 786 3516 incoluisse
804 3442 934 3516 constat,
956 3438 1080 3498 bellicas
1099 3439 1240 3516 adeptum

82 3544 142 3585 esse
163 3525 285 3586 virtutes
309 3531 344 3587 ut
366 3529 477 3605 ubique
499 3529 544 3588 Ita
567 3530 659 3589 etiam
683 3529 762 3604 apud
787 3528 896 3604 Salios,
925 3529 976 3604 qni
1003 3547 1072 3587 mox
1094 3529 1240 3589 Pavorem

81 3615 289 3692 Palloremque,
316 3617 421 3678 Martis
444 3617 558 3678 scilicet
581 3619 715 3692 comites,
740 3617 810 3678 deos
834 3617 1002 3694 coluerunt3
1026 3620 1062 3676 et
1084 3618 1157 3677 haec
1178 3619 1240 3677 fers

82 3703 230 3781 Dionysius
254 3705 351 3765 dicere
369 3706 489 3768 videtur
506 3707 538 3767 II
559 3710 612 3768 70:
637 3701 742 3768 ὀὗτοι
766 3700 885 3768 πάντες
909 3702 939 3766 οἱ
959 3701 1066 3768 (ἀλιοι
1091 3703 1240 3780 χορευταὶ

83 3789 159 3854 τινέι
176 3789 227 3852 εἰει
246 3790 297 3852 καὶ
315 3789 448 3870 ὑμνηταὶ
466 3797 533 3857 τῶν
552 3793 702 3857 ἐνόπλων
721 3789 830 3856 θεῶν’.

164 3883 334 3943 Recentiore
349 3889 448 3944 aetate
463 3886 624 3946 Herculem
642 3887 721 3945 inter
735 3885 806 3945 deos
825 3905 843 3944 a
858 3884 948 3944 Saliis
969 3886 1065 3944 cultos
1084 3886 1240 3961 receptum

86 3991 144 4033 esse
160 3972 386 4052 primariumque
401 3976 533 4036 tenuisse
547 3977 647 4036 locum
666 3976 968 4051 supramemoratum
984 3975 1039 4048 est,
1059 3974 1094 4033 of.
1109 3974 1239 4035 Macrob.

86 4061 128 4120 III
143 4063 185 4139 12,
198 4061 229 4122 5:
249 4056 361 4124 ‘Salios
380 4068 482 4124 autem
496 4065 620 4124 Herculi
636 4064 773 4124 ubertate
792 4065 944 4125 doctrinae
959 4063 1076 4123 altioris
1095 4064 1239 4142 assignat,

88 4150 150 4228 quia
168 4151 190 4210 is
207 4152 278 4210 deus
298 4155 328 4212 et
351 4155 431 4230 apud
449 4153 604 4230 pontifices
622 4154 702 4213 idem
721 4154 773 4230 qui
792 4158 823 4214 et
841 4154 922 4212 Mars
944 4151 1082 4212 habetur.
1106 4197 1157 4211 ...
1183 4154 1241 4214 Est

165 4341 187 4408 1)
199 4337 239 4394 De
248 4339 321 4396 Ιαιιο
329 4356 433 4397 summo
441 4341 630 4398 Romanorum
639 4343 687 4398 deo
700 4344 765 4410 (act.
777 4341 852 4396 cciv.
863 4339 1022 4396 Lentiensis
1031 4340 1082 4396 ool.
1093 4345 1145 4411 27)
1155 4346 1238 4397 1891.
