2762 4998
413 134 573 190 Carminum
593 133 742 191 Saliarium
759 133 904 204 reliquiae.
1181 130 1247 198 319

62 309 135 364 tera
161 305 332 381 expeditam
356 305 388 363 et
411 304 576 381 praeterita
594 305 721 365 obseura
738 305 848 382 multa,
871 323 924 364 nec
943 303 1050 364 mirum
1064 347 1159 366 .....
1204 303 1248 362 At

62 396 124 454 hoc
157 395 230 471 quid
259 395 296 454 ad
324 394 482 455 verborum
510 394 697 470 poeticorum
724 393 875 454 aetatem?
913 393 1045 464 Quorum
1070 393 1097 453 ei
1118 392 1247 470 Pompili

62 503 202 560 regnum
227 484 294 543 fons
317 485 349 542 in
373 483 554 543 carminibus
574 484 722 544 Saliorum
746 503 842 561 neque
866 503 901 544 ea
923 485 960 544 ab
980 483 1183 559 superioribus
1201 501 1247 542 ac·

63 577 174 649 cepta,
196 575 300 632 tamen
324 573 436 632 habent
463 574 526 634 700
546 591 649 634 annos.
687 572 787 643 Quare
811 592 865 632 cur
891 559 1044 649 scriptoris
1069 571 1248 632 industriam

63 663 287 739 reprehendas,
306 661 357 740 qui
376 662 476 722 herois
490 664 644 737 tritavum,
663 663 786 722 atavum
799 682 859 722 non
872 663 1007 740 potuerit
1020 661 1160 738 reperire,
1180 680 1247 721 cum

63 753 137 827 ipse
158 751 217 823 avi,
236 751 341 812 tritavi
359 755 485 810 matrem
504 771 564 812 non
577 751 674 829 possis
689 751 807 812 dicere?
840 751 926 822 Quod
939 751 1134 812 intervallum
1148 751 1244 810 multo

62 843 160 898 tanto
178 841 302 916 propius
320 859 384 917 nos,
403 860 493 918 quam
511 841 581 901 hinc
600 841 638 900 acl
656 841 776 900 initium
795 841 952 919 Saliorum,
971 860 1030 917 quo
1044 839 1247 900 Romanorum

63 930 171 1004 prima
188 929 284 990 verba
301 931 418 1006 poetica
437 930 542 990 dicunt
559 925 674 990 latina?

162 1017 243 1078 Plut.
262 1018 351 1078 Num.
371 1039 393 1078 c.
411 1021 465 1079 13:
494 1013 647 1095 ‘Mvtnnv
674 1015 745 1080 τινὰ
768 1013 812 1078 δι’
835 1016 921 1098 ᾠδῆς
944 1014 1008 1078 ὑπὸ
1031 1017 1098 1078 τῶν
1121 1013 1246 1079 (αλίων

63 1102 135 1181 ἅμα
156 1109 195 1186 τῇ
215 1103 351 1188 πυρρίχῃ
371 1102 677 1184 διαπεραινομένηε.’

163 1196 287 1274 Dionys.
306 1199 335 1256 h.
353 1199 389 1258 R.
402 1197 434 1257 11
449 1200 504 1259 70:
535 1191 640 1258 ‘ciros
664 1192 782 1258 utare<
805 1192 836 1256 oi
860 1191 966 1258 (άλιοι
990 1193 1140 1270 χορευταὶ
1162 1193 1246 1256 τινέε

64 1280 125 1344 εἰει
147 1282 200 1344 καὶ
218 1281 352 1360 ὑμνηταὶ
369 1285 436 1346 τῶν
453 1282 603 1348 ἐνόπλων
618 1279 713 1347 θεῶν’
733 1289 765 1345 et
782 1287 884 1362 paullo
903 1286 996 1344 infra:
1016 1279 1078 1346 ‘roi
1092 1281 1246 1360 πατρίου(

66 1370 162 1433 τινὰ(
181 1370 300 1448 ὕμνου(
319 1371 449 1454 ᾄδουαν
468 1370 532 1450 ἅμα
550 1377 621 1436 roi(
640 1369 791 1450 xopciorc’
811 1366 1099 1456 (inminutas).

161 1463 265 1540 Lydus
280 1465 316 1523 de
331 1484 423 1524 mene.
435 1464 478 1522 lV
489 1468 521 1524 2:
545 1459 751 1524 (δυοκαίδεκα
769 1459 940 1539 πρυτάνεις
956 1460 1037 1537 πρὸ(
1057 1463 1115 1523 τοῦ
1136 1460 1246 1538 Νουμᾶ

63 1550 149 1616 τοὺ(
172 1551 392 1628 καλουμένου(
411 1549 545 1614 (αλίουε
569 1549 731 1629 ὁραθῆναί
754 1569 850 1628 φαειν
869 1548 1048 1628 ὑμνοῦντας
1066 1549 1125 1612 τὸν
1145 1546 1246 1612 Ἰανὸν

67 1637 156 1701 κατὰ
173 1637 232 1702 τὸν
251 1641 318 1702 τῶν
337 1636 495 1702 Ἰταλικῶν
515 1642 624 1717 μηνῶν
643 1637 802 1718 ἀριθμόν,’

166 1731 326 1844 Terentius
347 1731 475 1791 Scaurus
491 1725 549 1812 (VI
561 1753 590 1808 p.
607 1735 647 1792 28
658 1723 700 1814 Κ)
721 1729 774 1808 [ad
786 1733 823 1792 fr.
839 1729 886 1808 6]:
906 1724 953 1789 ‘ut
970 1730 1072 1790 Numa
1089 1731 1120 1790 in
1139 1729 1248 1790 Saliari

66 1839 226 1880 carmme.
578 1865 581 1874 .

163 1917 198 2006 b)
219 1925 442 2000 Sermonem,
461 1946 520 2003 quo
539 1928 672 1987 carmina
686 1927 813 1987 Saliaria
830 1927 993 2003 composita
1008 1929 1103 2003 erant,
1121 1945 1246 2002 perve-

65 2016 213 2074 tustum
232 2015 349 2075 fuisse
368 2034 402 2075 ac
421 2015 472 2077 vir
489 2016 621 2094 intelligi
639 2017 772 2092 potuisse
791 2019 955 2075 testantur:

162 2112 260 2171 Varro
284 2113 321 2172 de
344 2113 417 2188 ling.
440 2114 493 2172 lat.
516 2115 536 2173 l.
555 2115 574 2173 l.
595 2109 669 2192 (VII
685 2107 728 2195 2).
761 2114 866 2174 Horat.
890 2132 935 2189 ep.
954 2113 986 2171 Il
1003 2117 1038 2188 1,
1055 2115 1105 2173 86.
1125 2115 1143 2173 l.
1163 2115 1182 2174 l.
1202 2146 1246 2155 -

67 2201 276 2271 Quintilianus
294 2201 358 2275 16,
374 2203 431 2261 40:
459 2197 559 2278 ‘Opus
588 2206 634 2262 eet
661 2203 762 2280 modo,
791 2207 826 2262 ut
852 2221 949 2280 neque
977 2205 1081 2263 crebra
1104 2203 1166 2262 sint
1192 2222 1246 2261 nec

67 2291 234 2350 manifesta
257 2285 312 2371 (ec.
330 2291 424 2350 verba
442 2285 577 2373 vetusta)
604 2338 610 2350 .
635 2312 713 2352 ‚nec
735 2293 840 2369 utique
863 2293 901 2351 ab
924 2291 1041 2350 ultimis
1065 2293 1096 2352 et
1114 2292 1173 2351 iam
1194 2293 1245 2351 ob-

67 2381 218 2439 litteratis
236 2380 366 2456 repetita
384 2379 584 2458 temporibus,
608 2382 709 2456 qualia
728 2384 798 2440 sunt
817 2373 947 2456 ‘topper'
967 2385 998 2440 et
1016 2373 1196 2458 ‘antegerio'
1215 2383 1246 2440 et

68 2461 253 2528 ‘exanclare'
278 2471 309 2528 et
331 2461 496 2545 ‘prosapia'
520 2471 551 2528 et
570 2469 720 2529 Saliorum
739 2469 871 2529 carmina
890 2471 940 2529 vix
959 2471 1164 2530 sacerdotibus
1185 2472 1246 2530 suis

69 2557 147 2617 satis
170 2558 333 2668 intellecta.
376 2556 434 2617 Sed
458 2557 512 2617 illa
534 2559 646 2618 mutari
669 2563 753 2619 vetat
775 2560 883 2636 religio
907 2563 938 2618 et
960 2560 1140 2620 consecratis
1159 2562 1245 2618 uten-

69 2648 141 2705 dum
162 2650 215 2706 est
328 2681 329 2684 =
430 2695 432 2700 .

163 2735 360 2812 Symmachus
375 2755 420 2813 ep.
435 2735 483 2796 ΠΙ
497 2739 541 2796 44
561 2729 615 2818 (ad
634 2729 806 2818 Silurium):
827 2730 872 2797 ‘si
890 2737 947 2797 tibi
964 2738 1125 2797 vetustatis
1143 2740 1246 2796 tantus

71 2827 119 2884 cet
137 2843 230 2901 amor,
249 2825 314 2900 pari
333 2826 432 2884 studio
451 2826 483 2884 in
500 2827 594 2886 verba
611 2827 712 2904 prisca
730 2826 897 2904 redeamus,
917 2827 1025 2904 quibus
1044 2827 1117 2886 Salii
1135 2829 1247 2886 canunt

72 2919 104 2972 et
122 2933 254 2990 augures
274 2933 360 2976 avem
378 2915 538 2974 consulunt
556 2918 587 2975 et
605 2915 766 2976 decemviri
784 2917 904 2975 tabulas
924 2909 1141 2975 condiderunt?

161 3001 302 3062 Sidonius
325 3002 511 3080 Apollinaris
535 3004 622 3080 epist.
637 3005 712 3063 VIII
727 3006 804 3065 164:
833 2998 935 3064 ‘Unde
960 3005 1038 3065 enim
1062 3005 1148 3064 nobis
1171 3005 1247 3063 illud

70 3083 374 3170 loquendi‘tetricnm
393 3112 489 3169 genus
509 3097 541 3153 ct
559 3093 793 3170 perantiquum?
831 3094 916 3154 Unde
934 3095 988 3153 illa
1006 3095 1099 3155 verba
1117 3093 1246 3153 Saliaria
1371 3087 1372 3090 ’

71 3182 121 3254 vel
144 3180 291 3258 Sibyllina
318 3183 367 3242 vel
391 3182 509 3242 Sabinis
537 3184 672 3260 abusque
696 3182 825 3244 Curibus
854 3183 962 3258 accita,
991 3202 1068 3261 quae
1092 3182 1245 3260 magistris

71 3271 247 3347 plerumque
266 3271 462 3330 reticentibus
480 3273 649 3349 promptius
668 3273 781 3332 fetialis
801 3273 909 3350 aliquis
929 3276 983 3331 aut
1001 3273 1110 3332 flamen
1129 3276 1183 3332 aut
1196 3291 1245 3333 ve·

71 3365 210 3419 ternosue
229 3359 374 3437 legalium
394 3361 603 3437 quaestionum
622 3361 836 3438 aenigmatista
853 3362 1037 3438 patefecerit.

159 3449 229 3508 Ieid.
249 3449 325 3526 orig.
344 3449 387 3506 IX
404 3452 432 3525 1,
448 3453 480 3509 6:
506 3444 646 3510 ‘Latinas
671 3453 771 3510 autern
795 3452 916 3528 linguae
935 3453 1079 3527 quattuor
1099 3469 1163 3511 esee
1182 3451 1246 3528 qni-

73 3539 139 3597 dam
159 3539 312 3615 dixerunt,
330 3539 361 3597 id
380 3541 428 3598 eet
445 3538 592 3616 Priscam,
611 3541 760 3618 Latinam,
779 3540 953 3615 Romanam,
972 3542 1102 3600 mistam.
1140 3539 1246 3600 Prisca
1365 3571 1372 3628 3

73 3631 130 3703 eet,
150 3645 209 3704 qua
227 3626 425 3686 vetustissimi
438 3627 545 3687 Italiae
565 3629 712 3688 sablano
733 3633 764 3689 et
778 3628 906 3689 Saturno
927 3633 998 3689 sunt
1015 3631 1063 3690 usi
1084 3631 1245 3708 incondita,
1371 3631 1372 3636 ’

72 3720 108 3774 ut
125 3733 156 3775 se
175 3715 288 3775 habent
306 3717 439 3775 carmina
458 3712 628 3777 Saliorum'

160 3816 190 3904 c)
209 3823 255 3881 De
274 3823 480 3883 nominibus
500 3825 696 3884 carminum
716 3826 830 3904 agitur:

159 3919 245 3980 Paul.
260 3941 296 3980 ex
310 3920 392 3981 Feet.
406 3942 434 3997 p.
446 3923 464 3982 3
477 3913 541 4000 (3):
561 3917 743 3983 'Axamenta
761 3923 937 3984 dicebantur
956 3924 1088 3984 carmina
1107 3924 1244 4002 Saliaria,

76 4030 149 4091 quae
172 4029 191 4068 a
210 4009 298 4069 Saliis
322 4011 527 4071 sacerdotibus
547 4013 732 4072 canebantur
750 4014 781 4071 in
799 4015 954 4076 universos
974 4009 1089 4094 (deos)
1109 4033 1210 4074 omnes
1218 4006 1243 4097 1)

163 4183 188 4249 1)
208 4181 275 4236 deos
295 4181 403 4253 omnes]
423 4183 536 4251 correct,
555 4183 682 4238 homines
700 4185 786 4252 codol,
806 4184 873 4239 deos
889 4183 918 4237 0.
936 4183 966 4238 0.
981 4183 1093 4253 Mulier,
1113 4182 1244 4240 universa

75 4253 186 4309 numina
206 4251 339 4323 abac,
364 4269 491 4308 semones
511 4255 658 4326 Hartuap,
680 4254 711 4309 in
734 4256 879 4311 universos
904 4252 975 4328 <eos
995 4271 1066 4324 quos
1085 4257 1242 4325 generatim

75 4323 256 4398 invocarent)
277 4325 397 4381 Zoadcr.
